date,crop,price,volume
2023-11-07 19:17:23.454844,Rice,2500.0,1423
2023-11-08 19:17:23.454844,Rice,2539.547721565853,1380
2023-11-09 19:17:23.454844,Rice,2563.745176290748,3773
2023-11-10 19:17:23.454844,Rice,2625.456902825848,2946
2023-11-11 19:17:23.454844,Rice,2699.2450305212437,1257
2023-11-12 19:17:23.454844,Rice,2622.9914981771285,1640
2023-11-13 19:17:23.454844,Rice,2614.8884765376665,1385
2023-11-14 19:17:23.454844,Rice,2686.111620540504,4747
2023-11-15 19:17:23.454844,Rice,2680.6956558648403,3442
2023-11-16 19:17:23.454844,Rice,2657.581417239028,2357
2023-11-17 19:17:23.454844,Rice,2624.7494940851975,1043
2023-11-18 19:17:23.454844,Rice,2578.6605942037404,2385
2023-11-19 19:17:23.454844,Rice,2535.6382738019406,4435
2023-11-20 19:17:23.454844,Rice,2509.3697949721354,4047
2023-11-21 19:17:23.454844,Rice,2554.252660290122,2806
2023-11-22 19:17:23.454844,Rice,2587.460634438361,3608
2023-11-23 19:17:23.454844,Rice,2607.8381081048233,3244
2023-11-24 19:17:23.454844,Rice,2634.6297118962943,1504
2023-11-25 19:17:23.454844,Rice,2626.585994144677,1591
2023-11-26 19:17:23.454844,Rice,2670.9933982759703,4632
2023-11-27 19:17:23.454844,Rice,2715.235234794208,4934
2023-11-28 19:17:23.454844,Rice,2723.835126893983,2570
2023-11-29 19:17:23.454844,Rice,2694.594613253744,2457
2023-11-30 19:17:23.454844,Rice,2751.3514906846003,2436
2023-12-01 19:17:23.454844,Rice,2752.44722875096,2920
2023-12-02 19:17:23.454844,Rice,2754.7162769840907,3500
2023-12-03 19:17:23.454844,Rice,2754.1252661293315,2255
2023-12-04 19:17:23.454844,Rice,2777.141143566496,3399
2023-12-05 19:17:23.454844,Rice,2791.180249856358,4914
2023-12-06 19:17:23.454844,Rice,2792.3031412597816,4693
2023-12-07 19:17:23.454844,Rice,2765.719727914498,2198
2023-12-08 19:17:23.454844,Rice,2782.551421281527,2866
2023-12-09 19:17:23.454844,Rice,2791.0867379557967,1742
2023-12-10 19:17:23.454844,Rice,2838.5036781367535,2935
2023-12-11 19:17:23.454844,Rice,2796.381578105637,2681
2023-12-12 19:17:23.454844,Rice,2788.7339548807913,4144
2023-12-13 19:17:23.454844,Rice,2813.9763614434155,4692
2023-12-14 19:17:23.454844,Rice,2788.7758515851674,2944
2023-12-15 19:17:23.454844,Rice,2784.4836635230545,2396
2023-12-16 19:17:23.454844,Rice,2811.632887559888,1951
2023-12-17 19:17:23.454844,Rice,2770.614744112729,1086
2023-12-18 19:17:23.454844,Rice,2806.2378963205488,1629
2023-12-19 19:17:23.454844,Rice,2766.933072030885,1784
2023-12-20 19:17:23.454844,Rice,2782.931018775688,1171
2023-12-21 19:17:23.454844,Rice,2836.3694188435106,2689
2023-12-22 19:17:23.454844,Rice,2910.0199420916283,3222
2023-12-23 19:17:23.454844,Rice,2836.8631015446363,3100
2023-12-24 19:17:23.454844,Rice,2878.5336661020747,3135
2023-12-25 19:17:23.454844,Rice,2919.9144092990496,4619
2023-12-26 19:17:23.454844,Rice,2923.6215579537034,2733
2023-12-27 19:17:23.454844,Rice,2947.6770342792115,1487
2023-12-28 19:17:23.454844,Rice,2880.0866189556996,1780
2023-12-29 19:17:23.454844,Rice,2900.2026106502162,4892
2023-12-30 19:17:23.454844,Rice,2951.901555094105,1101
2023-12-31 19:17:23.454844,Rice,2931.0477439149,3026
2024-01-01 19:17:23.454844,Rice,2961.0215286204466,4518
2024-01-02 19:17:23.454844,Rice,3030.233014705214,3051
2024-01-03 19:17:23.454844,Rice,3039.0545162308745,1100
2024-01-04 19:17:23.454844,Rice,3057.66249148768,2264
2024-01-05 19:17:23.454844,Rice,3025.265112487378,3306
2024-01-06 19:17:23.454844,Rice,3091.1973680874767,3000
2024-01-07 19:17:23.454844,Rice,3120.3199701844355,3510
2024-01-08 19:17:23.454844,Rice,3139.0573503617507,4574
2024-01-09 19:17:23.454844,Rice,3191.441300426547,1054
2024-01-10 19:17:23.454844,Rice,3157.923525291837,1866
2024-01-11 19:17:23.454844,Rice,3199.221135614507,2361
2024-01-12 19:17:23.454844,Rice,3304.793415527038,4891
2024-01-13 19:17:23.454844,Rice,3292.238518665713,4439
2024-01-14 19:17:23.454844,Rice,3307.8214003415424,3424
2024-01-15 19:17:23.454844,Rice,3364.022526505319,3800
2024-01-16 19:17:23.454844,Rice,3459.5883902341084,4583
2024-01-17 19:17:23.454844,Rice,3531.55942776118,3352
2024-01-18 19:17:23.454844,Rice,3490.7698179869813,1808
2024-01-19 19:17:23.454844,Rice,3464.5065011025904,3431
2024-01-20 19:17:23.454844,Rice,3469.9657873554243,1845
2024-01-21 19:17:23.454844,Rice,3466.35636402876,2146
2024-01-22 19:17:23.454844,Rice,3535.813559811495,3152
2024-01-23 19:17:23.454844,Rice,3579.1285254836444,1057
2024-01-24 19:17:23.454844,Rice,3573.8352287234334,3434
2024-01-25 19:17:23.454844,Rice,3562.9909400473794,3232
2024-01-26 19:17:23.454844,Rice,3561.8803076634154,4906
2024-01-27 19:17:23.454844,Rice,3600.6386139906526,3205
2024-01-28 19:17:23.454844,Rice,3644.6504974298514,2455
2024-01-29 19:17:23.454844,Rice,3665.1763061129805,2722
2024-01-30 19:17:23.454844,Rice,3656.173335177087,4662
2024-01-31 19:17:23.454844,Rice,3692.495802422151,4383
2024-02-01 19:17:23.454844,Rice,3645.513445088434,4886
2024-02-02 19:17:23.454844,Rice,3651.810748995874,4071
2024-02-03 19:17:23.454844,Rice,3718.362583084855,1655
2024-02-04 19:17:23.454844,Rice,3732.2194496318875,3671
2024-02-05 19:17:23.454844,Rice,3784.307762453379,4552
2024-02-06 19:17:23.454844,Rice,3849.9569477558357,3202
2024-02-07 19:17:23.454844,Rice,3941.2056909801126,2595
2024-02-08 19:17:23.454844,Rice,3998.7784415016426,1872
2024-02-09 19:17:23.454844,Rice,4002.2133440509933,4373
2024-02-10 19:17:23.454844,Rice,3976.813276237328,4456
2024-02-11 19:17:23.454844,Rice,3996.12245335234,2213
2024-02-12 19:17:23.454844,Rice,4020.4738687028907,2548
2024-02-13 19:17:23.454844,Rice,4101.089333581186,1773
2024-02-14 19:17:23.454844,Rice,4126.1550564526,2990
2024-02-15 19:17:23.454844,Rice,4206.2409731322505,3477
2024-02-16 19:17:23.454844,Rice,4219.707224269706,2290
2024-02-17 19:17:23.454844,Rice,4256.01750699995,1256
2024-02-18 19:17:23.454844,Rice,4350.9604301535055,3186
2024-02-19 19:17:23.454844,Rice,4329.307817937307,4746
2024-02-20 19:17:23.454844,Rice,4389.357513456309,3379
2024-02-21 19:17:23.454844,Rice,4423.140693891596,2532
2024-02-22 19:17:23.454844,Rice,4451.443313576786,2277
2024-02-23 19:17:23.454844,Rice,4515.105161468997,2251
2024-02-24 19:17:23.454844,Rice,4458.033027887889,3485
2024-02-25 19:17:23.454844,Rice,4515.61383924297,4087
2024-02-26 19:17:23.454844,Rice,4541.679300625517,2800
2024-02-27 19:17:23.454844,Rice,4578.129709448382,3337
2024-02-28 19:17:23.454844,Rice,4571.5360402780325,3399
2024-02-29 19:17:23.454844,Rice,4591.202949461847,2327
2024-03-01 19:17:23.454844,Rice,4590.866975653078,3320
2024-03-02 19:17:23.454844,Rice,4573.8932253407875,2296
2024-03-03 19:17:23.454844,Rice,4596.618479538622,3858
2024-03-04 19:17:23.454844,Rice,4627.272067382668,2219
2024-03-05 19:17:23.454844,Rice,4646.626641485406,1724
2024-03-06 19:17:23.454844,Rice,4748.1659136965245,3512
2024-03-07 19:17:23.454844,Rice,4749.418442835047,3742
2024-03-08 19:17:23.454844,Rice,4746.304334565923,2308
2024-03-09 19:17:23.454844,Rice,4743.065547979261,2720
2024-03-10 19:17:23.454844,Rice,4777.809981989615,4812
2024-03-11 19:17:23.454844,Rice,4792.554758218205,3969
2024-03-12 19:17:23.454844,Rice,4816.406578152795,4367
2024-03-13 19:17:23.454844,Rice,4796.41619195553,3987
2024-03-14 19:17:23.454844,Rice,4808.327179621887,4889
2024-03-15 19:17:23.454844,Rice,4882.4754874215205,4059
2024-03-16 19:17:23.454844,Rice,4873.843687200689,4157
2024-03-17 19:17:23.454844,Rice,4924.948201731375,4221
2024-03-18 19:17:23.454844,Rice,4924.588201030804,4787
2024-03-19 19:17:23.454844,Rice,4980.455960547689,2424
2024-03-20 19:17:23.454844,Rice,5031.164758720264,3031
2024-03-21 19:17:23.454844,Rice,5058.677916226494,3536
2024-03-22 19:17:23.454844,Rice,5082.919343189303,3483
2024-03-23 19:17:23.454844,Rice,5129.263593299501,1502
2024-03-24 19:17:23.454844,Rice,5091.9685600586745,4447
2024-03-25 19:17:23.454844,Rice,5142.003786771204,1323
2024-03-26 19:17:23.454844,Rice,5137.373758515326,2316
2024-03-27 19:17:23.454844,Rice,5125.406245332052,3270
2024-03-28 19:17:23.454844,Rice,5159.299546479266,1410
2024-03-29 19:17:23.454844,Rice,5162.848302803103,4141
2024-03-30 19:17:23.454844,Rice,5196.126990779101,3564
2024-03-31 19:17:23.454844,Rice,5201.2236826965145,2853
2024-04-01 19:17:23.454844,Rice,5209.879837789693,4872
2024-04-02 19:17:23.454844,Rice,5221.345808179314,1557
2024-04-03 19:17:23.454844,Rice,5308.178097381104,4765
2024-04-04 19:17:23.454844,Rice,5343.276560382865,1571
2024-04-05 19:17:23.454844,Rice,5418.307968723244,3830
2024-04-06 19:17:23.454844,Rice,5506.37818747761,3211
2024-04-07 19:17:23.454844,Rice,5524.352847080585,2917
2024-04-08 19:17:23.454844,Rice,5557.97320484784,3676
2024-04-09 19:17:23.454844,Rice,5610.3099894404795,3774
2024-04-10 19:17:23.454844,Rice,5671.9690454064985,1949
2024-04-11 19:17:23.454844,Rice,5653.9680577880135,4247
2024-04-12 19:17:23.454844,Rice,5701.78105073584,1246
2024-04-13 19:17:23.454844,Rice,5696.730176913468,4457
2024-04-14 19:17:23.454844,Rice,5681.166563692827,3297
2024-04-15 19:17:23.454844,Rice,5673.299487918001,4474
2024-04-16 19:17:23.454844,Rice,5733.32607326584,1042
2024-04-17 19:17:23.454844,Rice,5739.885872450683,4320
2024-04-18 19:17:23.454844,Rice,5831.376107045387,4162
2024-04-19 19:17:23.454844,Rice,5876.30791938491,1223
2024-04-20 19:17:23.454844,Rice,5900.063058536818,3633
2024-04-21 19:17:23.454844,Rice,5860.699697334287,2842
2024-04-22 19:17:23.454844,Rice,5860.462378425143,3502
2024-04-23 19:17:23.454844,Rice,5840.23975884221,1601
2024-04-24 19:17:23.454844,Rice,5891.96894181707,4516
2024-04-25 19:17:23.454844,Rice,5863.165051694245,4500
2024-04-26 19:17:23.454844,Rice,5853.423200783931,2294
2024-04-27 19:17:23.454844,Rice,5842.471088007137,4378
2024-04-28 19:17:23.454844,Rice,5839.037090713858,1507
2024-04-29 19:17:23.454844,Rice,5866.689872577926,4282
2024-04-30 19:17:23.454844,Rice,5879.574945974891,3038
2024-05-01 19:17:23.454844,Rice,5878.517277829261,3018
2024-05-02 19:17:23.454844,Rice,5879.404686485441,1522
2024-05-03 19:17:23.454844,Rice,5889.517773701849,2522
2024-05-04 19:17:23.454844,Rice,5960.495998153281,2368
2024-05-05 19:17:23.454844,Rice,5978.674959168104,2600
2024-05-06 19:17:23.454844,Rice,6001.391368762176,1731
2024-05-07 19:17:23.454844,Rice,5980.625414892247,1688
2024-05-08 19:17:23.454844,Rice,5953.0568868865375,3370
2024-05-09 19:17:23.454844,Rice,5993.314339209332,1629
2024-05-10 19:17:23.454844,Rice,5983.743370101278,4891
2024-05-11 19:17:23.454844,Rice,6008.066439367937,4543
2024-05-12 19:17:23.454844,Rice,6041.61874549948,1238
2024-05-13 19:17:23.454844,Rice,6086.293620021977,3717
2024-05-14 19:17:23.454844,Rice,6067.506894365094,4059
2024-05-15 19:17:23.454844,Rice,6052.865284222803,2864
2024-05-16 19:17:23.454844,Rice,6107.913590782958,1930
2024-05-17 19:17:23.454844,Rice,6123.1211672315285,3201
2024-05-18 19:17:23.454844,Rice,6198.4005128656845,1542
2024-05-19 19:17:23.454844,Rice,6234.422377830208,1925
2024-05-20 19:17:23.454844,Rice,6186.3376523381985,3642
2024-05-21 19:17:23.454844,Rice,6198.423606262319,1067
2024-05-22 19:17:23.454844,Rice,6226.036287755889,2034
2024-05-23 19:17:23.454844,Rice,6268.732678786799,4167
2024-05-24 19:17:23.454844,Rice,6287.687001821749,1508
2024-05-25 19:17:23.454844,Rice,6257.678565084328,3716
2024-05-26 19:17:23.454844,Rice,6311.775522108691,1549
2024-05-27 19:17:23.454844,Rice,6312.138926265625,1017
2024-05-28 19:17:23.454844,Rice,6317.695166498513,1318
2024-05-29 19:17:23.454844,Rice,6370.865814305244,3998
2024-05-30 19:17:23.454844,Rice,6442.617928941142,2591
2024-05-31 19:17:23.454844,Rice,6468.385609135731,1867
2024-06-01 19:17:23.454844,Rice,6467.056494749755,3347
2024-06-02 19:17:23.454844,Rice,6544.164467452704,2369
2024-06-03 19:17:23.454844,Rice,6576.2430608436725,3936
2024-06-04 19:17:23.454844,Rice,6594.343113924102,1667
2024-06-05 19:17:23.454844,Rice,6646.060715290764,2801
2024-06-06 19:17:23.454844,Rice,6689.002440245849,2881
2024-06-07 19:17:23.454844,Rice,6670.500585942359,1902
2024-06-08 19:17:23.454844,Rice,6718.345244055802,1865
2024-06-09 19:17:23.454844,Rice,6762.075851201939,1942
2024-06-10 19:17:23.454844,Rice,6834.476940754058,4181
2024-06-11 19:17:23.454844,Rice,6841.502956462753,4523
2024-06-12 19:17:23.454844,Rice,6929.795735547141,2814
2024-06-13 19:17:23.454844,Rice,6979.339377832792,3548
2024-06-14 19:17:23.454844,Rice,7008.109792554727,2244
2024-06-15 19:17:23.454844,Rice,7050.427856429257,4438
2024-06-16 19:17:23.454844,Rice,7071.1620543812505,1778
2024-06-17 19:17:23.454844,Rice,7040.747138571791,2887
2024-06-18 19:17:23.454844,Rice,7087.673797726987,3440
2024-06-19 19:17:23.454844,Rice,7093.385535469064,4783
2024-06-20 19:17:23.454844,Rice,7157.04565166807,3076
2024-06-21 19:17:23.454844,Rice,7252.756997312876,2623
2024-06-22 19:17:23.454844,Rice,7297.312060914199,3634
2024-06-23 19:17:23.454844,Rice,7341.0773691302775,3933
2024-06-24 19:17:23.454844,Rice,7353.011195070431,3183
2024-06-25 19:17:23.454844,Rice,7366.925002886288,4509
2024-06-26 19:17:23.454844,Rice,7423.139588023648,3780
2024-06-27 19:17:23.454844,Rice,7511.492007533169,4307
2024-06-28 19:17:23.454844,Rice,7538.578262660129,2348
2024-06-29 19:17:23.454844,Rice,7521.880319930067,4591
2024-06-30 19:17:23.454844,Rice,7581.16892960998,3814
2024-07-01 19:17:23.454844,Rice,7652.866015541635,2506
2024-07-02 19:17:23.454844,Rice,7651.193681889908,1916
2024-07-03 19:17:23.454844,Rice,7718.749254523397,4195
2024-07-04 19:17:23.454844,Rice,7703.785913312481,2195
2024-07-05 19:17:23.454844,Rice,7772.3256216654645,3704
2024-07-06 19:17:23.454844,Rice,7750.451494866814,2578
2024-07-07 19:17:23.454844,Rice,7851.022102677339,1666
2024-07-08 19:17:23.454844,Rice,7897.464991887653,2917
2024-07-09 19:17:23.454844,Rice,8038.246047672326,3243
2024-07-10 19:17:23.454844,Rice,7994.913751545794,1636
2024-07-11 19:17:23.454844,Rice,8017.95574925696,3255
2024-07-12 19:17:23.454844,Rice,7993.250766314166,2504
2024-07-13 19:17:23.454844,Rice,8056.769883370238,2269
2024-07-14 19:17:23.454844,Rice,8116.661178345283,4967
2024-07-15 19:17:23.454844,Rice,8200.692017531843,3627
2024-07-16 19:17:23.454844,Rice,8243.466339429611,4548
2024-07-17 19:17:23.454844,Rice,8279.203400943561,4189
2024-07-18 19:17:23.454844,Rice,8303.753141244231,1987
2024-07-19 19:17:23.454844,Rice,8384.913969187473,1607
2024-07-20 19:17:23.454844,Rice,8401.915569535813,3201
2024-07-21 19:17:23.454844,Rice,8358.877538030494,1636
2024-07-22 19:17:23.454844,Rice,8426.34592668067,1842
2024-07-23 19:17:23.454844,Rice,8447.437656453114,4163
2024-07-24 19:17:23.454844,Rice,8429.901740077974,2410
2024-07-25 19:17:23.454844,Rice,8434.673370659024,3134
2024-07-26 19:17:23.454844,Rice,8467.583145760958,4519
2024-07-27 19:17:23.454844,Rice,8553.471248239588,2315
2024-07-28 19:17:23.454844,Rice,8581.503629708479,3972
2024-07-29 19:17:23.454844,Rice,8581.630858356568,4266
2024-07-30 19:17:23.454844,Rice,8582.341110107838,1640
2024-07-31 19:17:23.454844,Rice,8627.453820718745,2120
2024-08-01 19:17:23.454844,Rice,8722.106826044374,2561
2024-08-02 19:17:23.454844,Rice,8789.12220640983,1128
2024-08-03 19:17:23.454844,Rice,8814.444878800381,2572
2024-08-04 19:17:23.454844,Rice,8834.450773277249,3819
2024-08-05 19:17:23.454844,Rice,8853.10877390115,1515
2024-08-06 19:17:23.454844,Rice,8885.688240791498,1015
2024-08-07 19:17:23.454844,Rice,8906.135122455922,1331
2024-08-08 19:17:23.454844,Rice,8956.99309453111,1620
2024-08-09 19:17:23.454844,Rice,9002.369763577273,3923
2024-08-10 19:17:23.454844,Rice,9044.7497691326,2302
2024-08-11 19:17:23.454844,Rice,9013.153760961424,1328
2024-08-12 19:17:23.454844,Rice,9034.307602019522,2104
2024-08-13 19:17:23.454844,Rice,9035.820213441579,1232
2024-08-14 19:17:23.454844,Rice,9085.529344570405,4356
2024-08-15 19:17:23.454844,Rice,9195.275126166054,2264
2024-08-16 19:17:23.454844,Rice,9259.124491980814,1537
2024-08-17 19:17:23.454844,Rice,9297.962256685541,1741
2024-08-18 19:17:23.454844,Rice,9328.177693417043,3023
2024-08-19 19:17:23.454844,Rice,9355.541741686695,3112
2024-08-20 19:17:23.454844,Rice,9413.896229131622,1762
2024-08-21 19:17:23.454844,Rice,9500.04955606054,3901
2024-08-22 19:17:23.454844,Rice,9520.443796590052,2087
2024-08-23 19:17:23.454844,Rice,9543.4210315157,3269
2024-08-24 19:17:23.454844,Rice,9561.146386716979,3871
2024-08-25 19:17:23.454844,Rice,9509.848613982636,4153
2024-08-26 19:17:23.454844,Rice,9489.561427597531,4188
2024-08-27 19:17:23.454844,Rice,9529.230801038108,1205
2024-08-28 19:17:23.454844,Rice,9614.734027068918,2737
2024-08-29 19:17:23.454844,Rice,9567.79218685722,4779
2024-08-30 19:17:23.454844,Rice,9591.097058628071,4012
2024-08-31 19:17:23.454844,Rice,9620.572564106451,3791
2024-09-01 19:17:23.454844,Rice,9642.053109048762,1939
2024-09-02 19:17:23.454844,Rice,9712.16208900387,2663
2024-09-03 19:17:23.454844,Rice,9822.009158393781,4743
2024-09-04 19:17:23.454844,Rice,9873.225763081811,1130
2024-09-05 19:17:23.454844,Rice,9955.03171692216,3382
2024-09-06 19:17:23.454844,Rice,9983.546224270189,1465
2024-09-07 19:17:23.454844,Rice,9963.052404526416,1664
2024-09-08 19:17:23.454844,Rice,9957.559927525192,3471
2024-09-09 19:17:23.454844,Rice,9977.683294044033,1857
2024-09-10 19:17:23.454844,Rice,9949.316891920922,4101
2024-09-11 19:17:23.454844,Rice,9950.81608068922,2090
2024-09-12 19:17:23.454844,Rice,9992.221560130389,2816
2024-09-13 19:17:23.454844,Rice,9932.739639482053,1894
2024-09-14 19:17:23.454844,Rice,9932.541919777184,4175
2024-09-15 19:17:23.454844,Rice,9976.801973416577,1920
2024-09-16 19:17:23.454844,Rice,10016.162077414214,3550
2024-09-17 19:17:23.454844,Rice,10059.865633609916,1805
2024-09-18 19:17:23.454844,Rice,10081.395911002708,1295
2024-09-19 19:17:23.454844,Rice,10079.314217520869,1978
2024-09-20 19:17:23.454844,Rice,10135.214170779373,2814
2024-09-21 19:17:23.454844,Rice,10139.187794848758,2017
2024-09-22 19:17:23.454844,Rice,10212.428756180143,3334
2024-09-23 19:17:23.454844,Rice,10275.976068070246,2061
2024-09-24 19:17:23.454844,Rice,10349.002269919938,3014
2024-09-25 19:17:23.454844,Rice,10387.709049670413,2831
2024-09-26 19:17:23.454844,Rice,10474.662984727407,2151
2024-09-27 19:17:23.454844,Rice,10495.93997589878,3310
2024-09-28 19:17:23.454844,Rice,10495.127083495008,3927
2024-09-29 19:17:23.454844,Rice,10554.771959143858,3221
2024-09-30 19:17:23.454844,Rice,10575.386265429932,3483
2024-10-01 19:17:23.454844,Rice,10567.875062144212,4896
2024-10-02 19:17:23.454844,Rice,10580.262098651276,2050
2024-10-03 19:17:23.454844,Rice,10639.798738668509,1623
2024-10-04 19:17:23.454844,Rice,10688.223953797664,2572
2024-10-05 19:17:23.454844,Rice,10837.297553520193,1324
2024-10-06 19:17:23.454844,Rice,10856.660833973721,2931
2024-10-07 19:17:23.454844,Rice,10857.181948616906,2662
2024-10-08 19:17:23.454844,Rice,10896.274858981327,4080
2024-10-09 19:17:23.454844,Rice,10968.566041225118,2939
2024-10-10 19:17:23.454844,Rice,10944.98969589455,4151
2024-10-11 19:17:23.454844,Rice,11008.539016472145,1063
2024-10-12 19:17:23.454844,Rice,11031.628727591877,2806
2024-10-13 19:17:23.454844,Rice,11139.243415769579,4960
2024-10-14 19:17:23.454844,Rice,11134.24265735078,2197
2024-10-15 19:17:23.454844,Rice,11216.93236544514,4004
2024-10-16 19:17:23.454844,Rice,11206.865319484372,3388
2024-10-17 19:17:23.454844,Rice,11287.87944801172,3067
2024-10-18 19:17:23.454844,Rice,11390.711141623922,4341
2024-10-19 19:17:23.454844,Rice,11472.96085179528,3876
2024-10-20 19:17:23.454844,Rice,11494.537904757577,1182
2024-10-21 19:17:23.454844,Rice,11534.596200712618,1918
2024-10-22 19:17:23.454844,Rice,11541.494036846037,1068
2024-10-23 19:17:23.454844,Rice,11518.922510188931,2677
2024-10-24 19:17:23.454844,Rice,11542.947101951713,1927
2024-10-25 19:17:23.454844,Rice,11638.321890097957,3598
2024-10-26 19:17:23.454844,Rice,11744.264620632286,1498
2024-10-27 19:17:23.454844,Rice,11776.52807726305,2020
2024-10-28 19:17:23.454844,Rice,11860.215233303472,1984
2024-10-29 19:17:23.454844,Rice,11915.295080934959,3764
2024-10-30 19:17:23.454844,Rice,11985.923430818277,4979
2024-10-31 19:17:23.454844,Rice,12029.802781982255,3884
2024-11-01 19:17:23.454844,Rice,12058.413307181701,3663
2024-11-02 19:17:23.454844,Rice,12046.547865382745,1341
2024-11-03 19:17:23.454844,Rice,12128.97485518064,4660
2024-11-04 19:17:23.454844,Rice,12174.797831298047,3269
2024-11-05 19:17:23.454844,Rice,12195.503137508285,2438
2024-11-06 19:17:23.454844,Rice,12239.64892185306,3373
2024-11-07 19:17:23.454844,Rice,12337.4122656264,4943
2024-11-08 19:17:23.454844,Rice,12419.420951694457,2875
2024-11-09 19:17:23.454844,Rice,12517.373295651547,4643
2024-11-10 19:17:23.454844,Rice,12515.273534435055,1829
2024-11-11 19:17:23.454844,Rice,12581.548019959011,2396
2024-11-12 19:17:23.454844,Rice,12658.736298957583,3631
2024-11-13 19:17:23.454844,Rice,12689.694986609944,1232
2024-11-14 19:17:23.454844,Rice,12807.037434158063,3180
2024-11-15 19:17:23.454844,Rice,12861.13187932638,4262
2024-11-16 19:17:23.454844,Rice,12876.655422574784,1508
2024-11-17 19:17:23.454844,Rice,12896.821718310648,3281
2024-11-18 19:17:23.454844,Rice,12939.490827680858,3555
2024-11-19 19:17:23.454844,Rice,12958.484048516959,4957
2024-11-20 19:17:23.454844,Rice,12997.731841133382,2740
2024-11-21 19:17:23.454844,Rice,13073.35743526284,2582
2024-11-22 19:17:23.454844,Rice,13097.865026355494,4781
2024-11-23 19:17:23.454844,Rice,13195.424324374782,3852
2024-11-24 19:17:23.454844,Rice,13211.732303737193,1720
2024-11-25 19:17:23.454844,Rice,13258.58380789273,4689
2024-11-26 19:17:23.454844,Rice,13366.282495357806,4808
2024-11-27 19:17:23.454844,Rice,13371.197547054928,1159
2024-11-28 19:17:23.454844,Rice,13425.035216141314,3087
2024-11-29 19:17:23.454844,Rice,13454.917993217827,1286
2024-11-30 19:17:23.454844,Rice,13526.17612772369,1346
2024-12-01 19:17:23.454844,Rice,13551.983702256923,2106
2024-12-02 19:17:23.454844,Rice,13569.090276527477,1840
2024-12-03 19:17:23.454844,Rice,13614.592015365733,1063
2024-12-04 19:17:23.454844,Rice,13697.967491877895,2428
2024-12-05 19:17:23.454844,Rice,13761.432965426846,4507
2024-12-06 19:17:23.454844,Rice,13751.389995584776,3833
2024-12-07 19:17:23.454844,Rice,13828.668540499408,2418
2024-12-08 19:17:23.454844,Rice,13886.69535942856,1372
2024-12-09 19:17:23.454844,Rice,13941.829740487588,2534
2024-12-10 19:17:23.454844,Rice,14056.956521134794,4609
2024-12-11 19:17:23.454844,Rice,14145.485571182944,4734
2024-12-12 19:17:23.454844,Rice,14146.743921630383,1053
2024-12-13 19:17:23.454844,Rice,14230.89317045832,4420
2024-12-14 19:17:23.454844,Rice,14316.154719295282,4240
2024-12-15 19:17:23.454844,Rice,14448.059295522842,1582
2024-12-16 19:17:23.454844,Rice,14493.485852834023,3463
2024-12-17 19:17:23.454844,Rice,14538.158244991304,2056
2024-12-18 19:17:23.454844,Rice,14560.681896336022,4604
2024-12-19 19:17:23.454844,Rice,14609.861649962937,3366
2024-12-20 19:17:23.454844,Rice,14708.607169107081,2851
2024-12-21 19:17:23.454844,Rice,14823.75374496296,1799
2024-12-22 19:17:23.454844,Rice,14909.289626069496,2417
2024-12-23 19:17:23.454844,Rice,14939.036950826487,2457
2024-12-24 19:17:23.454844,Rice,15018.269091799006,4167
2024-12-25 19:17:23.454844,Rice,15051.274412670318,1521
2024-12-26 19:17:23.454844,Rice,15086.635458646266,4907
2024-12-27 19:17:23.454844,Rice,15229.923892293617,2112
2024-12-28 19:17:23.454844,Rice,15278.969782988119,2320
2024-12-29 19:17:23.454844,Rice,15354.664576579897,1214
2024-12-30 19:17:23.454844,Rice,15365.827732439126,2929
2024-12-31 19:17:23.454844,Rice,15443.206355260532,2035
2025-01-01 19:17:23.454844,Rice,15502.198923562964,2487
2025-01-02 19:17:23.454844,Rice,15547.15498981533,4708
2025-01-03 19:17:23.454844,Rice,15597.116895873443,4514
2025-01-04 19:17:23.454844,Rice,15597.39019601382,4110
2025-01-05 19:17:23.454844,Rice,15723.116099648007,4878
2025-01-06 19:17:23.454844,Rice,15777.723007968143,1451
2025-01-07 19:17:23.454844,Rice,15860.291963752685,1594
2025-01-08 19:17:23.454844,Rice,15926.911915418128,2098
2025-01-09 19:17:23.454844,Rice,15974.967291132172,3160
2025-01-10 19:17:23.454844,Rice,16061.165629776642,1514
2025-01-11 19:17:23.454844,Rice,16185.727815038961,3097
2025-01-12 19:17:23.454844,Rice,16226.282832136982,4323
2025-01-13 19:17:23.454844,Rice,16308.916114714746,4411
2025-01-14 19:17:23.454844,Rice,16420.860625474113,3226
2025-01-15 19:17:23.454844,Rice,16556.022374869517,4501
2025-01-16 19:17:23.454844,Rice,16637.010612253875,4222
2025-01-17 19:17:23.454844,Rice,16608.191642969276,4347
2025-01-18 19:17:23.454844,Rice,16682.53131274123,3235
2025-01-19 19:17:23.454844,Rice,16752.914032701177,3659
2025-01-20 19:17:23.454844,Rice,16877.51265280878,1242
2025-01-21 19:17:23.454844,Rice,16990.87101966398,1775
2025-01-22 19:17:23.454844,Rice,17067.820341664803,3045
2025-01-23 19:17:23.454844,Rice,17117.660459444985,1861
2025-01-24 19:17:23.454844,Rice,17141.665276952048,1886
2025-01-25 19:17:23.454844,Rice,17261.04532723278,1545
2025-01-26 19:17:23.454844,Rice,17330.16785037747,4253
2025-01-27 19:17:23.454844,Rice,17380.889257009905,1364
2025-01-28 19:17:23.454844,Rice,17400.490671711832,4102
2025-01-29 19:17:23.454844,Rice,17474.616234063255,1992
2025-01-30 19:17:23.454844,Rice,17675.874321347106,1455
2025-01-31 19:17:23.454844,Rice,17753.91882124499,4395
2025-02-01 19:17:23.454844,Rice,17819.25909028213,4618
2025-02-02 19:17:23.454844,Rice,17987.77565778438,4716
2025-02-03 19:17:23.454844,Rice,18099.95853252204,3746
2025-02-04 19:17:23.454844,Rice,18201.388409428648,1733
2025-02-05 19:17:23.454844,Rice,18309.396265831612,1071
2025-02-06 19:17:23.454844,Rice,18361.87417834607,1922
2025-02-07 19:17:23.454844,Rice,18442.966645482145,4630
2025-02-08 19:17:23.454844,Rice,18479.083671073116,2286
2025-02-09 19:17:23.454844,Rice,18610.915573409107,4733
2025-02-10 19:17:23.454844,Rice,18672.20893762532,3826
2025-02-11 19:17:23.454844,Rice,18803.09484530656,3075
2025-02-12 19:17:23.454844,Rice,18907.95293712963,2385
2025-02-13 19:17:23.454844,Rice,18963.54902437371,3132
2025-02-14 19:17:23.454844,Rice,19039.944570419906,4020
2025-02-15 19:17:23.454844,Rice,19177.27746447617,3518
2025-02-16 19:17:23.454844,Rice,19302.2729903637,3873
2025-02-17 19:17:23.454844,Rice,19336.91200896274,2373
2025-02-18 19:17:23.454844,Rice,19405.389765486452,3777
2025-02-19 19:17:23.454844,Rice,19445.30064579848,4285
2025-02-20 19:17:23.454844,Rice,19509.378987254146,4181
2025-02-21 19:17:23.454844,Rice,19593.941360675595,2179
2025-02-22 19:17:23.454844,Rice,19690.324010173452,1436
2025-02-23 19:17:23.454844,Rice,19710.616521689026,1774
2025-02-24 19:17:23.454844,Rice,19810.655718469487,3747
2025-02-25 19:17:23.454844,Rice,19881.676351925653,1438
2025-02-26 19:17:23.454844,Rice,19981.044399073424,4055
2025-02-27 19:17:23.454844,Rice,20091.580860182894,2447
2025-02-28 19:17:23.454844,Rice,20104.40543244646,4983
2025-03-01 19:17:23.454844,Rice,20143.726553376193,2169
2025-03-02 19:17:23.454844,Rice,20218.23343787785,2318
2025-03-03 19:17:23.454844,Rice,20304.655557703154,4143
2025-03-04 19:17:23.454844,Rice,20393.612407127745,2091
2025-03-05 19:17:23.454844,Rice,20530.078677390316,2488
2025-03-06 19:17:23.454844,Rice,20595.0138523733,2580
2025-03-07 19:17:23.454844,Rice,20700.290568771674,2658
2025-03-08 19:17:23.454844,Rice,20799.019579859963,3379
2025-03-09 19:17:23.454844,Rice,20912.328901040906,4800
2025-03-10 19:17:23.454844,Rice,21021.91456194393,1399
2025-03-11 19:17:23.454844,Rice,21115.188264613465,1087
2025-03-12 19:17:23.454844,Rice,21224.843493178658,4359
2025-03-13 19:17:23.454844,Rice,21392.567233255017,1327
2025-03-14 19:17:23.454844,Rice,21509.385203070735,4713
2025-03-15 19:17:23.454844,Rice,21624.87700947094,1247
2025-03-16 19:17:23.454844,Rice,21714.327797809354,2205
2025-03-17 19:17:23.454844,Rice,21790.69489074757,2063
2025-03-18 19:17:23.454844,Rice,21849.965693934148,2797
2025-03-19 19:17:23.454844,Rice,21898.96028938832,1525
2025-03-20 19:17:23.454844,Rice,22006.676301913867,1049
2025-03-21 19:17:23.454844,Rice,22113.79325871318,4946
2025-03-22 19:17:23.454844,Rice,22164.951882909216,3121
2025-03-23 19:17:23.454844,Rice,22177.675119400505,1872
2025-03-24 19:17:23.454844,Rice,22257.594745044895,4767
2025-03-25 19:17:23.454844,Rice,22348.61168023737,4265
2025-03-26 19:17:23.454844,Rice,22494.18146991661,3636
2025-03-27 19:17:23.454844,Rice,22605.274663303135,2321
2025-03-28 19:17:23.454844,Rice,22679.040010769182,4254
2025-03-29 19:17:23.454844,Rice,22793.09522788894,2757
2025-03-30 19:17:23.454844,Rice,22948.744761045295,2755
2025-03-31 19:17:23.454844,Rice,23054.01325503521,3392
2025-04-01 19:17:23.454844,Rice,23143.618298729136,2172
2025-04-02 19:17:23.454844,Rice,23229.988952271284,1121
2025-04-03 19:17:23.454844,Rice,23273.538042433152,4444
2025-04-04 19:17:23.454844,Rice,23360.111211552074,1204
2025-04-05 19:17:23.454844,Rice,23356.791449294506,4945
2025-04-06 19:17:23.454844,Rice,23400.20007022537,2372
2025-04-07 19:17:23.454844,Rice,23432.35328570179,2306
2025-04-08 19:17:23.454844,Rice,23497.72880201289,4237
2025-04-09 19:17:23.454844,Rice,23580.126053844662,1599
2025-04-10 19:17:23.454844,Rice,23693.916118088448,3870
2025-04-11 19:17:23.454844,Rice,23716.557244582884,4552
2025-04-12 19:17:23.454844,Rice,23761.28810049101,1788
2025-04-13 19:17:23.454844,Rice,23831.05501105589,3903
2025-04-14 19:17:23.454844,Rice,23948.50637894414,4120
2025-04-15 19:17:23.454844,Rice,24035.913097102013,2574
2025-04-16 19:17:23.454844,Rice,24166.001835478517,4877
2025-04-17 19:17:23.454844,Rice,24231.00073473615,3411
2025-04-18 19:17:23.454844,Rice,24324.800071776757,2103
2025-04-19 19:17:23.454844,Rice,24452.88434817349,2522
2025-04-20 19:17:23.454844,Rice,24506.215263341546,3618
2025-04-21 19:17:23.454844,Rice,24592.067633518094,4408
2025-04-22 19:17:23.454844,Rice,24647.255229884642,2704
2025-04-23 19:17:23.454844,Rice,24722.728867184407,2623
2025-04-24 19:17:23.454844,Rice,24755.71753703611,3574
2025-04-25 19:17:23.454844,Rice,24825.84133466963,1688
2025-04-26 19:17:23.454844,Rice,24817.54361924069,4991
2025-04-27 19:17:23.454844,Rice,24871.497105240458,4556
2025-04-28 19:17:23.454844,Rice,24902.393218710236,3351
2025-04-29 19:17:23.454844,Rice,24938.003207165322,4491
2025-04-30 19:17:23.454844,Rice,25000.4399036564,4422
2025-05-01 19:17:23.454844,Rice,25100.912635336754,3224
2025-05-02 19:17:23.454844,Rice,25236.57839143643,3386
2025-05-03 19:17:23.454844,Rice,25340.4360073078,4433
2025-05-04 19:17:23.454844,Rice,25357.91494297479,4515
2025-05-05 19:17:23.454844,Rice,25424.023515838955,3925
2025-05-06 19:17:23.454844,Rice,25510.545846822348,2861
2025-05-07 19:17:23.454844,Rice,25556.18005669638,4729
2025-05-08 19:17:23.454844,Rice,25627.485082241074,2031
2025-05-09 19:17:23.454844,Rice,25693.31145057603,4692
2025-05-10 19:17:23.454844,Rice,25773.349910299185,2671
2025-05-11 19:17:23.454844,Rice,25832.351290869927,4240
2025-05-12 19:17:23.454844,Rice,25862.275163601767,4404
2025-05-13 19:17:23.454844,Rice,26082.392363974846,1985
2025-05-14 19:17:23.454844,Rice,26107.63506156292,2461
2025-05-15 19:17:23.454844,Rice,26180.832624929695,3782
2025-05-16 19:17:23.454844,Rice,26263.842251254697,4926
2025-05-17 19:17:23.454844,Rice,26326.433416830856,1784
2025-05-18 19:17:23.454844,Rice,26437.845446894207,4583
2025-05-19 19:17:23.454844,Rice,26477.857711605906,3804
2025-05-20 19:17:23.454844,Rice,26529.319477809906,2873
2025-05-21 19:17:23.454844,Rice,26630.48473399752,4245
2025-05-22 19:17:23.454844,Rice,26722.902859662154,4495
2025-05-23 19:17:23.454844,Rice,26758.549895513854,1305
2025-05-24 19:17:23.454844,Rice,26842.072774145396,2271
2025-05-25 19:17:23.454844,Rice,26915.604022456217,4861
2025-05-26 19:17:23.454844,Rice,27015.309038372845,1598
2025-05-27 19:17:23.454844,Rice,27115.230000688804,4528
2025-05-28 19:17:23.454844,Rice,27213.848304997362,4234
2025-05-29 19:17:23.454844,Rice,27316.573685100084,3706
2025-05-30 19:17:23.454844,Rice,27436.09930248815,1708
2025-05-31 19:17:23.454844,Rice,27472.932773572822,1437
2025-06-01 19:17:23.454844,Rice,27588.056193822787,4283
2025-06-02 19:17:23.454844,Rice,27686.216809673067,4668
2025-06-03 19:17:23.454844,Rice,27754.474492898855,3651
2025-06-04 19:17:23.454844,Rice,27831.639446238423,4836
2025-06-05 19:17:23.454844,Rice,27887.58307073945,3306
2025-06-06 19:17:23.454844,Rice,27937.685750256685,2823
2025-06-07 19:17:23.454844,Rice,27995.519494597902,2061
2025-06-08 19:17:23.454844,Rice,28050.09210849334,1701
2025-06-09 19:17:23.454844,Rice,28177.536239571506,2750
2025-06-10 19:17:23.454844,Rice,28188.529224465667,3696
2025-06-11 19:17:23.454844,Rice,28273.176802905426,4988
2025-06-12 19:17:23.454844,Rice,28352.174541091867,4001
2025-06-13 19:17:23.454844,Rice,28445.63614969998,2354
2025-06-14 19:17:23.454844,Rice,28477.434056157723,3125
2025-06-15 19:17:23.454844,Rice,28627.652250136616,2959
2025-06-16 19:17:23.454844,Rice,28643.434529969054,1362
2025-06-17 19:17:23.454844,Rice,28659.832417382822,4317
2025-06-18 19:17:23.454844,Rice,28770.362121933285,3535
2025-06-19 19:17:23.454844,Rice,28850.360642294927,2719
2025-06-20 19:17:23.454844,Rice,28959.623213624003,1875
2025-06-21 19:17:23.454844,Rice,29011.700369252027,1109
2025-06-22 19:17:23.454844,Rice,29044.426648343957,3406
2025-06-23 19:17:23.454844,Rice,29144.583836144262,2248
2025-06-24 19:17:23.454844,Rice,29264.887185693096,1354
2025-06-25 19:17:23.454844,Rice,29260.06425830122,1307
2025-06-26 19:17:23.454844,Rice,29324.696869463973,3120
2025-06-27 19:17:23.454844,Rice,29368.942703352655,4442
2025-06-28 19:17:23.454844,Rice,29423.560601097128,4905
2025-06-29 19:17:23.454844,Rice,29546.548252778623,2572
2025-06-30 19:17:23.454844,Rice,29596.503084685944,3461
2025-07-01 19:17:23.454844,Rice,29642.610526958913,2276
2025-07-02 19:17:23.454844,Rice,29674.449241440216,3985
2025-07-03 19:17:23.454844,Rice,29722.457019235502,3130
2025-07-04 19:17:23.454844,Rice,29780.230079451503,3789
2025-07-05 19:17:23.454844,Rice,29801.056175810125,3414
2025-07-06 19:17:23.454844,Rice,29888.128188580282,4712
2025-07-07 19:17:23.454844,Rice,29998.250677171083,4304
2025-07-08 19:17:23.454844,Rice,30051.462863155484,2070
2025-07-09 19:17:23.454844,Rice,30150.700026721664,1025
2025-07-10 19:17:23.454844,Rice,30214.722736600415,4223
2025-07-11 19:17:23.454844,Rice,30312.64485888195,2477
2025-07-12 19:17:23.454844,Rice,30380.1288205404,2019
2025-07-13 19:17:23.454844,Rice,30435.80463697499,1729
2025-07-14 19:17:23.454844,Rice,30527.561654929075,3311
2025-07-15 19:17:23.454844,Rice,30656.372104605653,3753
2025-07-16 19:17:23.454844,Rice,30780.883707302775,4517
2025-07-17 19:17:23.454844,Rice,30816.531146521378,1055
2025-07-18 19:17:23.454844,Rice,30964.135134786582,4551
2025-07-19 19:17:23.454844,Rice,31032.079309772063,1470
2025-07-20 19:17:23.454844,Rice,31125.4896791803,1285
2025-07-21 19:17:23.454844,Rice,31135.043366409704,1413
2025-07-22 19:17:23.454844,Rice,31236.83530304067,4013
2025-07-23 19:17:23.454844,Rice,31221.485475874157,3594
2025-07-24 19:17:23.454844,Rice,31298.631815891236,4613
2025-07-25 19:17:23.454844,Rice,31388.45774454174,1832
2025-07-26 19:17:23.454844,Rice,31445.440819909167,1825
2025-07-27 19:17:23.454844,Rice,31519.70205774344,2980
2025-07-28 19:17:23.454844,Rice,31509.936675735673,2072
2025-07-29 19:17:23.454844,Rice,31636.898469722026,2422
2025-07-30 19:17:23.454844,Rice,31706.940432962492,1774
2025-07-31 19:17:23.454844,Rice,31761.02465295035,3431
2025-08-01 19:17:23.454844,Rice,31728.808053095596,2332
2025-08-02 19:17:23.454844,Rice,31852.289102746894,4719
2025-08-03 19:17:23.454844,Rice,31893.037875149068,3768
2025-08-04 19:17:23.454844,Rice,31967.844185267542,1105
2025-08-05 19:17:23.454844,Rice,32118.097311923353,2157
2025-08-06 19:17:23.454844,Rice,32255.59295386229,1565
2025-08-07 19:17:23.454844,Rice,32302.52356602364,4001
2025-08-08 19:17:23.454844,Rice,32350.33152047566,1922
2025-08-09 19:17:23.454844,Rice,32406.176912548224,1520
2025-08-10 19:17:23.454844,Rice,32471.575503861604,2928
2025-08-11 19:17:23.454844,Rice,32506.497158682218,2734
2025-08-12 19:17:23.454844,Rice,32559.34543813491,4030
2025-08-13 19:17:23.454844,Rice,32628.44964701164,1070
2025-08-14 19:17:23.454844,Rice,32729.11215777432,1185
2025-08-15 19:17:23.454844,Rice,32820.56344951447,4998
2025-08-16 19:17:23.454844,Rice,32904.525636121696,4480
2025-08-17 19:17:23.454844,Rice,33021.34100848919,1655
2025-08-18 19:17:23.454844,Rice,33067.92126852647,1000
2025-08-19 19:17:23.454844,Rice,33158.233244921306,4074
2025-08-20 19:17:23.454844,Rice,33146.67965152765,1917
2025-08-21 19:17:23.454844,Rice,33156.698683741146,2404
2025-08-22 19:17:23.454844,Rice,33202.74360748164,2791
2025-08-23 19:17:23.454844,Rice,33302.23613095287,4725
2025-08-24 19:17:23.454844,Rice,33411.0843490766,3878
2025-08-25 19:17:23.454844,Rice,33535.00340955236,4479
2025-08-26 19:17:23.454844,Rice,33599.448496422716,1088
2025-08-27 19:17:23.454844,Rice,33710.98533338825,2488
2025-08-28 19:17:23.454844,Rice,33749.72941014028,4225
2025-08-29 19:17:23.454844,Rice,33761.39589737963,2623
2025-08-30 19:17:23.454844,Rice,33865.58478133538,2450
2025-08-31 19:17:23.454844,Rice,33912.26244447715,3693
2025-09-01 19:17:23.454844,Rice,33948.51600902679,1629
2025-09-02 19:17:23.454844,Rice,34116.72288705578,2104
2025-09-03 19:17:23.454844,Rice,34197.76945073713,3306
2025-09-04 19:17:23.454844,Rice,34214.22419788983,4624
2025-09-05 19:17:23.454844,Rice,34296.86182892744,2902
2025-09-06 19:17:23.454844,Rice,34385.1469993289,1231
2025-09-07 19:17:23.454844,Rice,34485.8739393033,3048
2025-09-08 19:17:23.454844,Rice,34624.33869840092,2136
2025-09-09 19:17:23.454844,Rice,34643.141996616214,3872
2025-09-10 19:17:23.454844,Rice,34765.13080661411,2180
2025-09-11 19:17:23.454844,Rice,34829.92018092964,4570
2025-09-12 19:17:23.454844,Rice,34894.24741918253,3951
2025-09-13 19:17:23.454844,Rice,34968.5857393009,4659
2025-09-14 19:17:23.454844,Rice,35037.050400933746,4396
2025-09-15 19:17:23.454844,Rice,35067.393531775706,4754
2025-09-16 19:17:23.454844,Rice,35188.41687275497,4875
2025-09-17 19:17:23.454844,Rice,35297.74080122693,1230
2025-09-18 19:17:23.454844,Rice,35372.72356142706,3641
2025-09-19 19:17:23.454844,Rice,35499.30967955623,2341
2025-09-20 19:17:23.454844,Rice,35586.741062907604,3437
2025-09-21 19:17:23.454844,Rice,35652.074710931716,3023
2025-09-22 19:17:23.454844,Rice,35752.99888652178,1908
2025-09-23 19:17:23.454844,Rice,35865.10791668861,1105
2025-09-24 19:17:23.454844,Rice,35917.022302713165,3954
2025-09-25 19:17:23.454844,Rice,36000.22760825685,1000
2025-09-26 19:17:23.454844,Rice,36069.424580454935,3586
2025-09-27 19:17:23.454844,Rice,36210.95926907298,4026
2025-09-28 19:17:23.454844,Rice,36312.53594683121,2466
2025-09-29 19:17:23.454844,Rice,36403.618164887346,2114
2025-09-30 19:17:23.454844,Rice,36439.105258654025,1398
2025-10-01 19:17:23.454844,Rice,36480.12928311956,2746
2025-10-02 19:17:23.454844,Rice,36559.44562935937,3495
2025-10-03 19:17:23.454844,Rice,36669.85650255975,1550
2025-10-04 19:17:23.454844,Rice,36771.95640240116,4617
2025-10-05 19:17:23.454844,Rice,36900.054874822556,1659
2025-10-06 19:17:23.454844,Rice,36923.312573738214,4644
2025-10-07 19:17:23.454844,Rice,36943.18036558374,1698
2025-10-08 19:17:23.454844,Rice,36976.39310823505,1819
2025-10-09 19:17:23.454844,Rice,37041.72726454537,4369
2025-10-10 19:17:23.454844,Rice,37191.09519576391,2653
2025-10-11 19:17:23.454844,Rice,37242.92428360751,1444
2025-10-12 19:17:23.454844,Rice,37365.51429766946,3673
2025-10-13 19:17:23.454844,Rice,37481.937858490026,4588
2025-10-14 19:17:23.454844,Rice,37576.58254435764,4003
2025-10-15 19:17:23.454844,Rice,37615.98655013469,2884
2025-10-16 19:17:23.454844,Rice,37710.22303562101,1140
2025-10-17 19:17:23.454844,Rice,37866.12655165023,4504
2025-10-18 19:17:23.454844,Rice,37981.84213458393,4391
2025-10-19 19:17:23.454844,Rice,37988.97462398909,2227
2025-10-20 19:17:23.454844,Rice,38097.35124989423,4250
2025-10-21 19:17:23.454844,Rice,38212.74352488192,1330
2025-10-22 19:17:23.454844,Rice,38286.91075681861,1427
2025-10-23 19:17:23.454844,Rice,38413.67317059526,3067
2025-10-24 19:17:23.454844,Rice,38543.326221905954,3584
2025-10-25 19:17:23.454844,Rice,38604.50515719214,2847
2025-10-26 19:17:23.454844,Rice,38668.83277199594,3892
2025-10-27 19:17:23.454844,Rice,38770.16707633128,3695
2025-10-28 19:17:23.454844,Rice,38849.957032941,3286
2025-10-29 19:17:23.454844,Rice,38918.57990171501,4867
2025-10-30 19:17:23.454844,Rice,39039.095451511705,3749
2025-10-31 19:17:23.454844,Rice,39119.75186023201,1168
2025-11-01 19:17:23.454844,Rice,39217.22730307612,2044
2025-11-02 19:17:23.454844,Rice,39330.233852572404,3399
2025-11-03 19:17:23.454844,Rice,39402.99141887869,1761
2025-11-04 19:17:23.454844,Rice,39495.2015102242,2799
2025-11-05 19:17:23.454844,Rice,39604.334772244394,3248
2023-11-07 19:17:23.454844,Wheat,2200.0,1369
2023-11-08 19:17:23.454844,Wheat,2168.914937585157,3688
2023-11-09 19:17:23.454844,Wheat,2145.551930500521,3582
2023-11-10 19:17:23.454844,Wheat,2160.4163733306555,1588
2023-11-11 19:17:23.454844,Wheat,2153.6804436464045,2129
2023-11-12 19:17:23.454844,Wheat,2145.2076451708613,3463
2023-11-13 19:17:23.454844,Wheat,2140.77096105346,3117
2023-11-14 19:17:23.454844,Wheat,2133.2032754753604,3797
2023-11-15 19:17:23.454844,Wheat,2143.294684458203,1259
2023-11-16 19:17:23.454844,Wheat,2160.97724100274,3448
2023-11-17 19:17:23.454844,Wheat,2162.273135794492,4823
2023-11-18 19:17:23.454844,Wheat,2152.6043609921735,2582
2023-11-19 19:17:23.454844,Wheat,2189.728276719326,3229
2023-11-20 19:17:23.454844,Wheat,2195.615297541099,4917
2023-11-21 19:17:23.454844,Wheat,2200.80049107632,4755
2023-11-22 19:17:23.454844,Wheat,2173.4709683663314,2487
2023-11-23 19:17:23.454844,Wheat,2173.169836251481,1420
2023-11-24 19:17:23.454844,Wheat,2160.267720377524,2274
2023-11-25 19:17:23.454844,Wheat,2191.152187715162,3390
2023-11-26 19:17:23.454844,Wheat,2206.9515229042836,1910
2023-11-27 19:17:23.454844,Wheat,2213.8030971169765,2365
2023-11-28 19:17:23.454844,Wheat,2225.567680605185,4185
2023-11-29 19:17:23.454844,Wheat,2223.1834040131835,2105
2023-11-30 19:17:23.454844,Wheat,2141.064593627279,2814
2023-12-01 19:17:23.454844,Wheat,2192.5299222989083,1512
2023-12-02 19:17:23.454844,Wheat,2207.6116075594596,1142
2023-12-03 19:17:23.454844,Wheat,2220.9489470223098,3768
2023-12-04 19:17:23.454844,Wheat,2211.5192472205517,4103
2023-12-05 19:17:23.454844,Wheat,2233.465574328631,2136
2023-12-06 19:17:23.454844,Wheat,2239.677650889948,1457
2023-12-07 19:17:23.454844,Wheat,2245.7327734367445,3197
2023-12-08 19:17:23.454844,Wheat,2242.2164097412824,2209
2023-12-09 19:17:23.454844,Wheat,2245.9200222194104,2387
2023-12-10 19:17:23.454844,Wheat,2241.763370739821,2585
2023-12-11 19:17:23.454844,Wheat,2236.6331927808765,3987
2023-12-12 19:17:23.454844,Wheat,2246.737219937643,2989
2023-12-13 19:17:23.454844,Wheat,2297.624545149748,4186
2023-12-14 19:17:23.454844,Wheat,2351.434694290432,3551
2023-12-15 19:17:23.454844,Wheat,2371.9081916150244,1147
2023-12-16 19:17:23.454844,Wheat,2429.611347729017,1591
2023-12-17 19:17:23.454844,Wheat,2465.39081053991,3843
2023-12-18 19:17:23.454844,Wheat,2457.777293388516,3456
2023-12-19 19:17:23.454844,Wheat,2490.660764149255,3796
2023-12-20 19:17:23.454844,Wheat,2472.200109255021,2159
2023-12-21 19:17:23.454844,Wheat,2490.9405357184114,1573
2023-12-22 19:17:23.454844,Wheat,2494.3223619357827,4729
2023-12-23 19:17:23.454844,Wheat,2483.368972789009,3274
2023-12-24 19:17:23.454844,Wheat,2462.9341853362653,2394
2023-12-25 19:17:23.454844,Wheat,2463.9799353014414,3093
2023-12-26 19:17:23.454844,Wheat,2492.8675417815557,3539
2023-12-27 19:17:23.454844,Wheat,2530.6416660925033,2205
2023-12-28 19:17:23.454844,Wheat,2507.9866205515727,2795
2023-12-29 19:17:23.454844,Wheat,2532.658861658344,4948
2023-12-30 19:17:23.454844,Wheat,2599.7184342827927,4429
2023-12-31 19:17:23.454844,Wheat,2609.6904138281834,1479
2024-01-01 19:17:23.454844,Wheat,2645.858332702931,1495
2024-01-02 19:17:23.454844,Wheat,2682.606165636419,4092
2024-01-03 19:17:23.454844,Wheat,2731.6299838278233,3126
2024-01-04 19:17:23.454844,Wheat,2741.21726155527,1887
2024-01-05 19:17:23.454844,Wheat,2773.058983622266,1314
2024-01-06 19:17:23.454844,Wheat,2767.1937417167433,3070
2024-01-07 19:17:23.454844,Wheat,2780.0485054625174,3652
2024-01-08 19:17:23.454844,Wheat,2779.3802870946424,2897
2024-01-09 19:17:23.454844,Wheat,2811.304708648296,1129
2024-01-10 19:17:23.454844,Wheat,2821.648012572288,2844
2024-01-11 19:17:23.454844,Wheat,2850.4970300329232,4945
2024-01-12 19:17:23.454844,Wheat,2911.676780202132,2357
2024-01-13 19:17:23.454844,Wheat,2957.178105890175,2649
2024-01-14 19:17:23.454844,Wheat,2931.6386217612367,2083
2024-01-15 19:17:23.454844,Wheat,2985.4678826893314,1121
2024-01-16 19:17:23.454844,Wheat,3059.4798352961793,4734
2024-01-17 19:17:23.454844,Wheat,3111.104837274839,4485
2024-01-18 19:17:23.454844,Wheat,3095.089878839205,4888
2024-01-19 19:17:23.454844,Wheat,3096.4458826880473,2815
2024-01-20 19:17:23.454844,Wheat,3169.2190673529853,3048
2024-01-21 19:17:23.454844,Wheat,3212.6712511207998,3546
2024-01-22 19:17:23.454844,Wheat,3259.3262654931577,4948
2024-01-23 19:17:23.454844,Wheat,3341.3302052010654,3603
2024-01-24 19:17:23.454844,Wheat,3408.241457143924,4803
2024-01-25 19:17:23.454844,Wheat,3485.794272546044,1499
2024-01-26 19:17:23.454844,Wheat,3506.6188177103404,2194
2024-01-27 19:17:23.454844,Wheat,3515.151902458725,4969
2024-01-28 19:17:23.454844,Wheat,3535.8726826824163,1654
2024-01-29 19:17:23.454844,Wheat,3557.949051576808,3548
2024-01-30 19:17:23.454844,Wheat,3540.6784300882173,2272
2024-01-31 19:17:23.454844,Wheat,3577.7082844233714,3221
2024-02-01 19:17:23.454844,Wheat,3598.4926429693214,4829
2024-02-02 19:17:23.454844,Wheat,3632.6345907559753,4820
2024-02-03 19:17:23.454844,Wheat,3671.4437511730102,4917
2024-02-04 19:17:23.454844,Wheat,3711.21757732341,3958
2024-02-05 19:17:23.454844,Wheat,3752.742958590701,3275
2024-02-06 19:17:23.454844,Wheat,3756.730646090819,4849
2024-02-07 19:17:23.454844,Wheat,3811.2923413845374,1323
2024-02-08 19:17:23.454844,Wheat,3798.6599539295926,4442
2024-02-09 19:17:23.454844,Wheat,3860.6314103964437,2453
2024-02-10 19:17:23.454844,Wheat,3869.082213350783,4464
2024-02-11 19:17:23.454844,Wheat,3968.9347574488916,1225
2024-02-12 19:17:23.454844,Wheat,4007.079751065215,2806
2024-02-13 19:17:23.454844,Wheat,4043.56939794321,4510
2024-02-14 19:17:23.454844,Wheat,4092.16401594324,1712
2024-02-15 19:17:23.454844,Wheat,4139.424489402339,3969
2024-02-16 19:17:23.454844,Wheat,4213.804734937024,4691
2024-02-17 19:17:23.454844,Wheat,4261.572533712658,4357
2024-02-18 19:17:23.454844,Wheat,4269.869042955905,4335
2024-02-19 19:17:23.454844,Wheat,4304.405297466297,3584
2024-02-20 19:17:23.454844,Wheat,4295.598551990628,3087
2024-02-21 19:17:23.454844,Wheat,4304.720490602484,1961
2024-02-22 19:17:23.454844,Wheat,4336.776870326547,1795
2024-02-23 19:17:23.454844,Wheat,4402.7332878706275,3419
2024-02-24 19:17:23.454844,Wheat,4461.672750503573,1282
2024-02-25 19:17:23.454844,Wheat,4478.196946222372,4751
2024-02-26 19:17:23.454844,Wheat,4514.558233122038,4654
2024-02-27 19:17:23.454844,Wheat,4547.967061223829,1918
2024-02-28 19:17:23.454844,Wheat,4610.629395491426,2133
2024-02-29 19:17:23.454844,Wheat,4607.258747604114,3690
2024-03-01 19:17:23.454844,Wheat,4620.011517452484,3996
2024-03-02 19:17:23.454844,Wheat,4677.468018889809,1628
2024-03-03 19:17:23.454844,Wheat,4707.975032648981,2443
2024-03-04 19:17:23.454844,Wheat,4686.005584102899,1097
2024-03-05 19:17:23.454844,Wheat,4726.141270300452,1163
2024-03-06 19:17:23.454844,Wheat,4719.248074785351,4971
2024-03-07 19:17:23.454844,Wheat,4742.7547669410005,1689
2024-03-08 19:17:23.454844,Wheat,4755.755541165654,4418
2024-03-09 19:17:23.454844,Wheat,4803.7974177380775,3022
2024-03-10 19:17:23.454844,Wheat,4841.436071703701,1890
2024-03-11 19:17:23.454844,Wheat,4845.543578075747,1276
2024-03-12 19:17:23.454844,Wheat,4866.552363216827,3922
2024-03-13 19:17:23.454844,Wheat,4886.003287344392,4971
2024-03-14 19:17:23.454844,Wheat,4865.543625462174,4611
2024-03-15 19:17:23.454844,Wheat,4893.287649813469,4430
2024-03-16 19:17:23.454844,Wheat,4902.322634127838,2434
2024-03-17 19:17:23.454844,Wheat,4879.704180164912,1105
2024-03-18 19:17:23.454844,Wheat,4971.122936293188,3833
2024-03-19 19:17:23.454844,Wheat,4970.702912121832,2986
2024-03-20 19:17:23.454844,Wheat,5004.546783717973,2809
2024-03-21 19:17:23.454844,Wheat,5073.3930898479175,1026
2024-03-22 19:17:23.454844,Wheat,5072.585724290314,3235
2024-03-23 19:17:23.454844,Wheat,5088.008506546836,2187
2024-03-24 19:17:23.454844,Wheat,5128.8643443291285,2916
2024-03-25 19:17:23.454844,Wheat,5203.313303125602,4993
2024-03-26 19:17:23.454844,Wheat,5226.5866132422625,4976
2024-03-27 19:17:23.454844,Wheat,5258.758172224177,1955
2024-03-28 19:17:23.454844,Wheat,5286.100582994106,2139
2024-03-29 19:17:23.454844,Wheat,5352.860817632923,1350
2024-03-30 19:17:23.454844,Wheat,5333.251039236177,4916
2024-03-31 19:17:23.454844,Wheat,5389.00554697274,1494
2024-04-01 19:17:23.454844,Wheat,5418.267008098842,4594
2024-04-02 19:17:23.454844,Wheat,5466.888144281488,4272
2024-04-03 19:17:23.454844,Wheat,5531.575693883083,2550
2024-04-04 19:17:23.454844,Wheat,5510.492037605098,2694
2024-04-05 19:17:23.454844,Wheat,5517.9987044082645,2577
2024-04-06 19:17:23.454844,Wheat,5562.645022924706,1516
2024-04-07 19:17:23.454844,Wheat,5624.286307798604,4176
2024-04-08 19:17:23.454844,Wheat,5700.1161277718975,3882
2024-04-09 19:17:23.454844,Wheat,5709.339537843638,4385
2024-04-10 19:17:23.454844,Wheat,5744.884690240766,2126
2024-04-11 19:17:23.454844,Wheat,5760.770167629995,2693
2024-04-12 19:17:23.454844,Wheat,5785.004513907022,2777
2024-04-13 19:17:23.454844,Wheat,5846.09834640448,4301
2024-04-14 19:17:23.454844,Wheat,5929.904250098308,3267
2024-04-15 19:17:23.454844,Wheat,6013.269358113408,4042
2024-04-16 19:17:23.454844,Wheat,6045.907477391798,1077
2024-04-17 19:17:23.454844,Wheat,6077.13250424947,4787
2024-04-18 19:17:23.454844,Wheat,6131.056280552254,1370
2024-04-19 19:17:23.454844,Wheat,6151.585531530013,4277
2024-04-20 19:17:23.454844,Wheat,6210.253614580636,3101
2024-04-21 19:17:23.454844,Wheat,6273.976400237245,2833
2024-04-22 19:17:23.454844,Wheat,6276.450594703094,3697
2024-04-23 19:17:23.454844,Wheat,6298.263462041238,1405
2024-04-24 19:17:23.454844,Wheat,6332.497343963974,3901
2024-04-25 19:17:23.454844,Wheat,6354.876518061668,2050
2024-04-26 19:17:23.454844,Wheat,6442.306042939707,3184
2024-04-27 19:17:23.454844,Wheat,6487.875720897053,2512
2024-04-28 19:17:23.454844,Wheat,6492.370434394421,1464
2024-04-29 19:17:23.454844,Wheat,6538.380810427377,2602
2024-04-30 19:17:23.454844,Wheat,6554.202979433264,2499
2024-05-01 19:17:23.454844,Wheat,6559.5673086626875,4791
2024-05-02 19:17:23.454844,Wheat,6609.694010352191,3610
2024-05-03 19:17:23.454844,Wheat,6672.712008260705,1534
2024-05-04 19:17:23.454844,Wheat,6719.286319160832,2495
2024-05-05 19:17:23.454844,Wheat,6739.251314688158,2817
2024-05-06 19:17:23.454844,Wheat,6795.5833073436115,2332
2024-05-07 19:17:23.454844,Wheat,6834.468240407063,3046
2024-05-08 19:17:23.454844,Wheat,6882.174418629444,1597
2024-05-09 19:17:23.454844,Wheat,6886.276368945434,3565
2024-05-10 19:17:23.454844,Wheat,6920.952780537012,1682
2024-05-11 19:17:23.454844,Wheat,6981.77223717445,4866
2024-05-12 19:17:23.454844,Wheat,7005.6767864078,3269
2024-05-13 19:17:23.454844,Wheat,7033.507740448966,3132
2024-05-14 19:17:23.454844,Wheat,7050.125510028231,1348
2024-05-15 19:17:23.454844,Wheat,7080.727786858882,3417
2024-05-16 19:17:23.454844,Wheat,7120.648550501725,3371
2024-05-17 19:17:23.454844,Wheat,7182.1604292182155,4363
2024-05-18 19:17:23.454844,Wheat,7214.329484782969,2828
2024-05-19 19:17:23.454844,Wheat,7255.79671277636,4037
2024-05-20 19:17:23.454844,Wheat,7305.77295076126,2591
2024-05-21 19:17:23.454844,Wheat,7332.727838769835,2973
2024-05-22 19:17:23.454844,Wheat,7369.6819052407955,2146
2024-05-23 19:17:23.454844,Wheat,7371.072186107689,4388
2024-05-24 19:17:23.454844,Wheat,7437.490055797252,1958
2024-05-25 19:17:23.454844,Wheat,7482.886587747559,1489
2024-05-26 19:17:23.454844,Wheat,7533.148095030058,3075
2024-05-27 19:17:23.454844,Wheat,7578.483783817105,2802
2024-05-28 19:17:23.454844,Wheat,7566.088248699187,3729
2024-05-29 19:17:23.454844,Wheat,7619.149750612915,2956
2024-05-30 19:17:23.454844,Wheat,7675.572678099879,4424
2024-05-31 19:17:23.454844,Wheat,7681.037635711655,3192
2024-06-01 19:17:23.454844,Wheat,7716.879395051138,4540
2024-06-02 19:17:23.454844,Wheat,7725.909362589377,2558
2024-06-03 19:17:23.454844,Wheat,7757.896379416759,1987
2024-06-04 19:17:23.454844,Wheat,7755.042562720413,3230
2024-06-05 19:17:23.454844,Wheat,7798.618817798702,4676
2024-06-06 19:17:23.454844,Wheat,7834.208755586691,3748
2024-06-07 19:17:23.454844,Wheat,7840.85081900591,2127
2024-06-08 19:17:23.454844,Wheat,7851.648702563103,3994
2024-06-09 19:17:23.454844,Wheat,7891.180601316976,1921
2024-06-10 19:17:23.454844,Wheat,7919.266960079047,4056
2024-06-11 19:17:23.454844,Wheat,7930.821005071872,4109
2024-06-12 19:17:23.454844,Wheat,7972.2423452052335,3219
2024-06-13 19:17:23.454844,Wheat,7962.50971022179,3175
2024-06-14 19:17:23.454844,Wheat,7998.8672360793025,2908
2024-06-15 19:17:23.454844,Wheat,8012.697572609755,1936
2024-06-16 19:17:23.454844,Wheat,8094.8306073178255,3126
2024-06-17 19:17:23.454844,Wheat,8081.813854042632,1922
2024-06-18 19:17:23.454844,Wheat,8090.581248987836,2154
2024-06-19 19:17:23.454844,Wheat,8113.452472964519,1092
2024-06-20 19:17:23.454844,Wheat,8072.839607166644,2252
2024-06-21 19:17:23.454844,Wheat,8119.487189238209,3935
2024-06-22 19:17:23.454844,Wheat,8169.384098337201,2909
2024-06-23 19:17:23.454844,Wheat,8184.902911442696,2815
2024-06-24 19:17:23.454844,Wheat,8210.114498863584,1418
2024-06-25 19:17:23.454844,Wheat,8283.581269453975,3207
2024-06-26 19:17:23.454844,Wheat,8340.06812744118,3955
2024-06-27 19:17:23.454844,Wheat,8345.726101510938,2528
2024-06-28 19:17:23.454844,Wheat,8393.617353521042,3661
2024-06-29 19:17:23.454844,Wheat,8429.453439641722,3108
2024-06-30 19:17:23.454844,Wheat,8513.791667558382,4035
2024-07-01 19:17:23.454844,Wheat,8519.579383723045,4202
2024-07-02 19:17:23.454844,Wheat,8570.30491076278,2044
2024-07-03 19:17:23.454844,Wheat,8598.367525592992,2504
2024-07-04 19:17:23.454844,Wheat,8635.558505774872,2959
2024-07-05 19:17:23.454844,Wheat,8695.415565792286,3625
2024-07-06 19:17:23.454844,Wheat,8721.620976307957,4590
2024-07-07 19:17:23.454844,Wheat,8741.604351334468,4767
2024-07-08 19:17:23.454844,Wheat,8751.26930126292,1049
2024-07-09 19:17:23.454844,Wheat,8792.52636896284,1681
2024-07-10 19:17:23.454844,Wheat,8888.82249899088,4344
2024-07-11 19:17:23.454844,Wheat,8850.81524534633,4797
2024-07-12 19:17:23.454844,Wheat,8843.260928097787,2439
2024-07-13 19:17:23.454844,Wheat,8896.535731122856,3948
2024-07-14 19:17:23.454844,Wheat,8972.149769797492,3379
2024-07-15 19:17:23.454844,Wheat,9009.60442111192,2882
2024-07-16 19:17:23.454844,Wheat,9044.297625139376,4273
2024-07-17 19:17:23.454844,Wheat,9087.698505489461,1503
2024-07-18 19:17:23.454844,Wheat,9115.81174826693,2487
2024-07-19 19:17:23.454844,Wheat,9143.424120011796,2325
2024-07-20 19:17:23.454844,Wheat,9183.921566427423,1669
2024-07-21 19:17:23.454844,Wheat,9219.431261476042,2915
2024-07-22 19:17:23.454844,Wheat,9222.812995051265,1863
2024-07-23 19:17:23.454844,Wheat,9275.236381947545,4455
2024-07-24 19:17:23.454844,Wheat,9334.757426369517,3413
2024-07-25 19:17:23.454844,Wheat,9346.763036590803,3448
2024-07-26 19:17:23.454844,Wheat,9396.405499330538,1977
2024-07-27 19:17:23.454844,Wheat,9473.440911008845,1324
2024-07-28 19:17:23.454844,Wheat,9515.478051391161,4308
2024-07-29 19:17:23.454844,Wheat,9534.190554026307,1938
2024-07-30 19:17:23.454844,Wheat,9566.259830731127,4303
2024-07-31 19:17:23.454844,Wheat,9630.51125717945,3823
2024-08-01 19:17:23.454844,Wheat,9692.244077669895,4258
2024-08-02 19:17:23.454844,Wheat,9722.843927292495,1800
2024-08-03 19:17:23.454844,Wheat,9724.002077720485,4059
2024-08-04 19:17:23.454844,Wheat,9715.837749993083,1936
2024-08-05 19:17:23.454844,Wheat,9759.68017876034,4370
2024-08-06 19:17:23.454844,Wheat,9829.513059543688,1120
2024-08-07 19:17:23.454844,Wheat,9879.810923735407,4851
2024-08-08 19:17:23.454844,Wheat,9944.53537590218,1097
2024-08-09 19:17:23.454844,Wheat,10033.186503291285,4339
2024-08-10 19:17:23.454844,Wheat,10052.81951797827,4626
2024-08-11 19:17:23.454844,Wheat,10130.354948977187,2891
2024-08-12 19:17:23.454844,Wheat,10183.688788887124,4905
2024-08-13 19:17:23.454844,Wheat,10215.122336676322,2882
2024-08-14 19:17:23.454844,Wheat,10275.673899525895,1014
2024-08-15 19:17:23.454844,Wheat,10310.4658681295,3188
2024-08-16 19:17:23.454844,Wheat,10371.740369702573,3459
2024-08-17 19:17:23.454844,Wheat,10385.675053185754,4160
2024-08-18 19:17:23.454844,Wheat,10396.394323909864,4635
2024-08-19 19:17:23.454844,Wheat,10478.754074569804,2836
2024-08-20 19:17:23.454844,Wheat,10538.218170802433,4919
2024-08-21 19:17:23.454844,Wheat,10556.441123196435,4181
2024-08-22 19:17:23.454844,Wheat,10620.97130133203,3476
2024-08-23 19:17:23.454844,Wheat,10700.6206734747,1572
2024-08-24 19:17:23.454844,Wheat,10669.01335282301,4662
2024-08-25 19:17:23.454844,Wheat,10701.657163917564,4814
2024-08-26 19:17:23.454844,Wheat,10674.344974355203,4412
2024-08-27 19:17:23.454844,Wheat,10749.658680857132,3905
2024-08-28 19:17:23.454844,Wheat,10794.347208318455,2927
2024-08-29 19:17:23.454844,Wheat,10842.423923171715,2295
2024-08-30 19:17:23.454844,Wheat,10909.452377462707,1172
2024-08-31 19:17:23.454844,Wheat,10905.767802426592,1937
2024-09-01 19:17:23.454844,Wheat,10930.20744112098,3995
2024-09-02 19:17:23.454844,Wheat,10996.507879224642,3730
2024-09-03 19:17:23.454844,Wheat,11074.845285554575,1230
2024-09-04 19:17:23.454844,Wheat,11143.992094307012,4544
2024-09-05 19:17:23.454844,Wheat,11170.81943654534,2951
2024-09-06 19:17:23.454844,Wheat,11203.786422435769,1971
2024-09-07 19:17:23.454844,Wheat,11242.258914397928,1236
2024-09-08 19:17:23.454844,Wheat,11266.251822105987,4498
2024-09-09 19:17:23.454844,Wheat,11306.421852178652,3146
2024-09-10 19:17:23.454844,Wheat,11317.428230646183,4514
2024-09-11 19:17:23.454844,Wheat,11378.142834703222,3155
2024-09-12 19:17:23.454844,Wheat,11423.539661141765,4871
2024-09-13 19:17:23.454844,Wheat,11461.113482851764,4656
2024-09-14 19:17:23.454844,Wheat,11498.903729938245,1959
2024-09-15 19:17:23.454844,Wheat,11499.983939979522,1828
2024-09-16 19:17:23.454844,Wheat,11551.071961276208,1072
2024-09-17 19:17:23.454844,Wheat,11594.863332328388,1680
2024-09-18 19:17:23.454844,Wheat,11646.890030567458,4057
2024-09-19 19:17:23.454844,Wheat,11685.91875445791,3694
2024-09-20 19:17:23.454844,Wheat,11704.036701257817,3936
2024-09-21 19:17:23.454844,Wheat,11747.210957801923,2953
2024-09-22 19:17:23.454844,Wheat,11780.238636398102,2137
2024-09-23 19:17:23.454844,Wheat,11800.656770008303,3294
2024-09-24 19:17:23.454844,Wheat,11829.905181749136,3126
2024-09-25 19:17:23.454844,Wheat,11887.62136912667,4651
2024-09-26 19:17:23.454844,Wheat,11967.576270189722,1303
2024-09-27 19:17:23.454844,Wheat,12014.189982826281,3138
2024-09-28 19:17:23.454844,Wheat,12073.512690469923,3639
2024-09-29 19:17:23.454844,Wheat,12074.45694571129,4820
2024-09-30 19:17:23.454844,Wheat,12143.069895915347,4928
2024-10-01 19:17:23.454844,Wheat,12197.711891497802,1064
2024-10-02 19:17:23.454844,Wheat,12250.259844754226,1795
2024-10-03 19:17:23.454844,Wheat,12310.09762090881,2893
2024-10-04 19:17:23.454844,Wheat,12384.941688311574,2895
2024-10-05 19:17:23.454844,Wheat,12428.66670149164,4653
2024-10-06 19:17:23.454844,Wheat,12457.276593765788,2408
2024-10-07 19:17:23.454844,Wheat,12516.619569011962,4323
2024-10-08 19:17:23.454844,Wheat,12562.990993229667,3768
2024-10-09 19:17:23.454844,Wheat,12582.596592555079,2236
2024-10-10 19:17:23.454844,Wheat,12625.238433166425,2715
2024-10-11 19:17:23.454844,Wheat,12710.791474416867,2643
2024-10-12 19:17:23.454844,Wheat,12758.2234826467,2587
2024-10-13 19:17:23.454844,Wheat,12798.136081809638,3724
2024-10-14 19:17:23.454844,Wheat,12840.515456607875,1796
2024-10-15 19:17:23.454844,Wheat,12899.939024444999,2946
2024-10-16 19:17:23.454844,Wheat,12935.675017271778,3223
2024-10-17 19:17:23.454844,Wheat,13015.28940606499,4954
2024-10-18 19:17:23.454844,Wheat,13082.95371022433,4635
2024-10-19 19:17:23.454844,Wheat,13139.395094695765,2373
2024-10-20 19:17:23.454844,Wheat,13225.497770092987,4023
2024-10-21 19:17:23.454844,Wheat,13326.69527048907,3889
2024-10-22 19:17:23.454844,Wheat,13385.714672446866,2871
2024-10-23 19:17:23.454844,Wheat,13455.083277483045,4584
2024-10-24 19:17:23.454844,Wheat,13557.974195483062,3161
2024-10-25 19:17:23.454844,Wheat,13647.532684835112,3368
2024-10-26 19:17:23.454844,Wheat,13706.928559028296,4973
2024-10-27 19:17:23.454844,Wheat,13750.546139726264,3051
2024-10-28 19:17:23.454844,Wheat,13876.276741750315,3436
2024-10-29 19:17:23.454844,Wheat,13908.994192843289,1612
2024-10-30 19:17:23.454844,Wheat,13932.863975183898,4427
2024-10-31 19:17:23.454844,Wheat,13961.222837576299,1172
2024-11-01 19:17:23.454844,Wheat,14045.242372821223,1359
2024-11-02 19:17:23.454844,Wheat,14097.01789694933,2457
2024-11-03 19:17:23.454844,Wheat,14184.97084411486,1999
2024-11-04 19:17:23.454844,Wheat,14250.073408278236,2293
2024-11-05 19:17:23.454844,Wheat,14334.480874288156,3162
2024-11-06 19:17:23.454844,Wheat,14426.985975782876,2548
2024-11-07 19:17:23.454844,Wheat,14495.021469075738,1475
2024-11-08 19:17:23.454844,Wheat,14569.351550522468,4503
2024-11-09 19:17:23.454844,Wheat,14640.965204385722,4829
2024-11-10 19:17:23.454844,Wheat,14738.850807462079,3201
2024-11-11 19:17:23.454844,Wheat,14770.20888928059,3643
2024-11-12 19:17:23.454844,Wheat,14819.708930644252,3060
2024-11-13 19:17:23.454844,Wheat,14848.635079899746,1820
2024-11-14 19:17:23.454844,Wheat,14936.264710425134,4086
2024-11-15 19:17:23.454844,Wheat,15048.51738714312,1115
2024-11-16 19:17:23.454844,Wheat,15072.528857900601,2299
2024-11-17 19:17:23.454844,Wheat,15152.28835458637,4896
2024-11-18 19:17:23.454844,Wheat,15210.306957231944,3261
2024-11-19 19:17:23.454844,Wheat,15254.511071025268,4863
2024-11-20 19:17:23.454844,Wheat,15339.783092797374,1188
2024-11-21 19:17:23.454844,Wheat,15413.986562482549,1392
2024-11-22 19:17:23.454844,Wheat,15490.07542272815,3312
2024-11-23 19:17:23.454844,Wheat,15589.643692193245,3690
2024-11-24 19:17:23.454844,Wheat,15659.69467138817,2513
2024-11-25 19:17:23.454844,Wheat,15770.20490210244,2377
2024-11-26 19:17:23.454844,Wheat,15873.911931011875,2688
2024-11-27 19:17:23.454844,Wheat,15910.21599137599,3422
2024-11-28 19:17:23.454844,Wheat,15974.23252469148,1768
2024-11-29 19:17:23.454844,Wheat,15996.73975844453,1861
2024-11-30 19:17:23.454844,Wheat,16052.708433577278,3175
2024-12-01 19:17:23.454844,Wheat,16150.666675588096,2749
2024-12-02 19:17:23.454844,Wheat,16243.607678412282,1438
2024-12-03 19:17:23.454844,Wheat,16285.831561043795,2850
2024-12-04 19:17:23.454844,Wheat,16358.876802513802,1218
2024-12-05 19:17:23.454844,Wheat,16460.422074945756,3109
2024-12-06 19:17:23.454844,Wheat,16516.902367704068,2734
2024-12-07 19:17:23.454844,Wheat,16636.16557794234,4969
2024-12-08 19:17:23.454844,Wheat,16717.516050786486,2703
2024-12-09 19:17:23.454844,Wheat,16795.646809571637,1506
2024-12-10 19:17:23.454844,Wheat,16887.18888175165,2027
2024-12-11 19:17:23.454844,Wheat,16945.929436148064,1724
2024-12-12 19:17:23.454844,Wheat,17005.021636932073,4885
2024-12-13 19:17:23.454844,Wheat,17026.922731604474,1253
2024-12-14 19:17:23.454844,Wheat,17115.446771087503,1704
2024-12-15 19:17:23.454844,Wheat,17184.65227384492,1014
2024-12-16 19:17:23.454844,Wheat,17274.515007025006,2316
2024-12-17 19:17:23.454844,Wheat,17355.367031077298,2592
2024-12-18 19:17:23.454844,Wheat,17432.410675125513,3453
2024-12-19 19:17:23.454844,Wheat,17457.146395550553,4327
2024-12-20 19:17:23.454844,Wheat,17532.686771063985,3276
2024-12-21 19:17:23.454844,Wheat,17589.45710167035,1875
2024-12-22 19:17:23.454844,Wheat,17704.72721171307,4878
2024-12-23 19:17:23.454844,Wheat,17803.078000724083,4724
2024-12-24 19:17:23.454844,Wheat,17848.228293567754,2348
2024-12-25 19:17:23.454844,Wheat,17900.65312013877,3012
2024-12-26 19:17:23.454844,Wheat,17969.303918079415,3268
2024-12-27 19:17:23.454844,Wheat,18089.044417171124,3781
2024-12-28 19:17:23.454844,Wheat,18108.969551537735,3190
2024-12-29 19:17:23.454844,Wheat,18260.42142268281,2336
2024-12-30 19:17:23.454844,Wheat,18341.548659895972,3592
2024-12-31 19:17:23.454844,Wheat,18435.080873912008,3339
2025-01-01 19:17:23.454844,Wheat,18491.86142887232,4503
2025-01-02 19:17:23.454844,Wheat,18552.243291481987,1917
2025-01-03 19:17:23.454844,Wheat,18625.982300311334,4249
2025-01-04 19:17:23.454844,Wheat,18731.88892490635,2606
2025-01-05 19:17:23.454844,Wheat,18795.80006414512,3221
2025-01-06 19:17:23.454844,Wheat,18900.548203000966,4684
2025-01-07 19:17:23.454844,Wheat,19003.241210127835,4248
2025-01-08 19:17:23.454844,Wheat,19125.001648418103,2067
2025-01-09 19:17:23.454844,Wheat,19173.301414462803,2295
2025-01-10 19:17:23.454844,Wheat,19250.24621486812,2832
2025-01-11 19:17:23.454844,Wheat,19352.46190961031,1925
2025-01-12 19:17:23.454844,Wheat,19430.237383500193,3925
2025-01-13 19:17:23.454844,Wheat,19544.989805935344,2388
2025-01-14 19:17:23.454844,Wheat,19639.4612340851,1245
2025-01-15 19:17:23.454844,Wheat,19723.090279853775,1955
2025-01-16 19:17:23.454844,Wheat,19800.192374445694,1143
2025-01-17 19:17:23.454844,Wheat,19911.190325924526,1749
2025-01-18 19:17:23.454844,Wheat,19957.358034810168,3681
2025-01-19 19:17:23.454844,Wheat,20028.884614129744,4934
2025-01-20 19:17:23.454844,Wheat,20096.84487758573,1124
2025-01-21 19:17:23.454844,Wheat,20153.849464585182,1934
2025-01-22 19:17:23.454844,Wheat,20266.28918371372,2089
2025-01-23 19:17:23.454844,Wheat,20381.27694213987,3063
2025-01-24 19:17:23.454844,Wheat,20484.485082479354,3981
2025-01-25 19:17:23.454844,Wheat,20564.698304008594,1897
2025-01-26 19:17:23.454844,Wheat,20667.079179381293,2060
2025-01-27 19:17:23.454844,Wheat,20777.23957136235,1114
2025-01-28 19:17:23.454844,Wheat,20848.679036770227,4125
2025-01-29 19:17:23.454844,Wheat,20925.16919835673,3060
2025-01-30 19:17:23.454844,Wheat,21031.2832003345,4542
2025-01-31 19:17:23.454844,Wheat,21127.427612293737,1626
2025-02-01 19:17:23.454844,Wheat,21246.790252535175,4332
2025-02-02 19:17:23.454844,Wheat,21315.362944925033,3128
2025-02-03 19:17:23.454844,Wheat,21375.54087406972,4227
2025-02-04 19:17:23.454844,Wheat,21472.9542948038,2220
2025-02-05 19:17:23.454844,Wheat,21541.597430519738,4565
2025-02-06 19:17:23.454844,Wheat,21642.431762936583,1068
2025-02-07 19:17:23.454844,Wheat,21753.47664158487,3769
2025-02-08 19:17:23.454844,Wheat,21842.504143963924,1518
2025-02-09 19:17:23.454844,Wheat,21874.71486412936,3585
2025-02-10 19:17:23.454844,Wheat,21982.63135709725,4335
2025-02-11 19:17:23.454844,Wheat,22109.823672784758,3468
2025-02-12 19:17:23.454844,Wheat,22199.476787847252,2609
2025-02-13 19:17:23.454844,Wheat,22294.85662461905,4851
2025-02-14 19:17:23.454844,Wheat,22370.857650460828,3652
2025-02-15 19:17:23.454844,Wheat,22451.858580289158,3234
2025-02-16 19:17:23.454844,Wheat,22540.973686537698,4731
2025-02-17 19:17:23.454844,Wheat,22607.977729046834,4498
2025-02-18 19:17:23.454844,Wheat,22691.202475650414,4167
2025-02-19 19:17:23.454844,Wheat,22792.221622930934,3996
2025-02-20 19:17:23.454844,Wheat,22899.397373243148,4473
2025-02-21 19:17:23.454844,Wheat,23034.913323782726,1286
2025-02-22 19:17:23.454844,Wheat,23095.864825641143,1416
2025-02-23 19:17:23.454844,Wheat,23176.187290292837,1964
2025-02-24 19:17:23.454844,Wheat,23280.188483284797,2118
2025-02-25 19:17:23.454844,Wheat,23344.4135387828,1688
2025-02-26 19:17:23.454844,Wheat,23530.914886615687,2098
2025-02-27 19:17:23.454844,Wheat,23628.8220919,1950
2025-02-28 19:17:23.454844,Wheat,23747.18422437125,1553
2025-03-01 19:17:23.454844,Wheat,23848.29406927542,1368
2025-03-02 19:17:23.454844,Wheat,23926.815848850725,2107
2025-03-03 19:17:23.454844,Wheat,23984.005639455834,2226
2025-03-04 19:17:23.454844,Wheat,24087.18267542093,1565
2025-03-05 19:17:23.454844,Wheat,24181.781927446315,2535
2025-03-06 19:17:23.454844,Wheat,24294.39234592449,1865
2025-03-07 19:17:23.454844,Wheat,24405.24197004573,3472
2025-03-08 19:17:23.454844,Wheat,24493.318092781843,4737
2025-03-09 19:17:23.454844,Wheat,24599.271563727405,1640
2025-03-10 19:17:23.454844,Wheat,24636.175399806798,4502
2025-03-11 19:17:23.454844,Wheat,24703.24233014083,2942
2025-03-12 19:17:23.454844,Wheat,24791.003993523565,1465
2025-03-13 19:17:23.454844,Wheat,24927.20378388239,2286
2025-03-14 19:17:23.454844,Wheat,25006.374311070533,1021
2025-03-15 19:17:23.454844,Wheat,25133.177219035344,2089
2025-03-16 19:17:23.454844,Wheat,25230.860300387067,4446
2025-03-17 19:17:23.454844,Wheat,25333.417578246554,3979
2025-03-18 19:17:23.454844,Wheat,25449.223807305494,3701
2025-03-19 19:17:23.454844,Wheat,25579.46315940561,1261
2025-03-20 19:17:23.454844,Wheat,25705.321757977683,4542
2025-03-21 19:17:23.454844,Wheat,25773.465987792155,2850
2025-03-22 19:17:23.454844,Wheat,25896.33057928859,4962
2025-03-23 19:17:23.454844,Wheat,25986.73077338296,2289
2025-03-24 19:17:23.454844,Wheat,26095.98757015695,1191
2025-03-25 19:17:23.454844,Wheat,26160.696546352792,2363
2025-03-26 19:17:23.454844,Wheat,26280.40992206954,1295
2025-03-27 19:17:23.454844,Wheat,26386.680126082945,3578
2025-03-28 19:17:23.454844,Wheat,26524.29764403826,1121
2025-03-29 19:17:23.454844,Wheat,26584.1240493316,1531
2025-03-30 19:17:23.454844,Wheat,26639.64442740263,4144
2025-03-31 19:17:23.454844,Wheat,26765.464370410446,1420
2025-04-01 19:17:23.454844,Wheat,26827.38145094169,4711
2025-04-02 19:17:23.454844,Wheat,26964.12636174386,3544
2025-04-03 19:17:23.454844,Wheat,27067.74151672444,4067
2025-04-04 19:17:23.454844,Wheat,27175.713293107754,2363
2025-04-05 19:17:23.454844,Wheat,27273.16217988966,1663
2025-04-06 19:17:23.454844,Wheat,27357.830601364774,1792
2025-04-07 19:17:23.454844,Wheat,27458.717234246164,2509
2025-04-08 19:17:23.454844,Wheat,27561.639483641917,1573
2025-04-09 19:17:23.454844,Wheat,27628.503911131338,1547
2025-04-10 19:17:23.454844,Wheat,27712.27427875453,1270
2025-04-11 19:17:23.454844,Wheat,27812.796023588737,1664
2025-04-12 19:17:23.454844,Wheat,27881.49605870508,1382
2025-04-13 19:17:23.454844,Wheat,27953.536431865392,3009
2025-04-14 19:17:23.454844,Wheat,28050.67148000294,2329
2025-04-15 19:17:23.454844,Wheat,28155.810799195602,4290
2025-04-16 19:17:23.454844,Wheat,28273.196684088507,3410
2025-04-17 19:17:23.454844,Wheat,28387.966721091936,4222
2025-04-18 19:17:23.454844,Wheat,28497.269242536247,2757
2025-04-19 19:17:23.454844,Wheat,28584.222292120314,2329
2025-04-20 19:17:23.454844,Wheat,28642.07820701622,4069
2025-04-21 19:17:23.454844,Wheat,28729.373485117834,1594
2025-04-22 19:17:23.454844,Wheat,28822.274397877387,1926
2025-04-23 19:17:23.454844,Wheat,28857.09672302901,1184
2025-04-24 19:17:23.454844,Wheat,28988.83222961448,3169
2025-04-25 19:17:23.454844,Wheat,29121.455070314598,2235
2025-04-26 19:17:23.454844,Wheat,29239.87621188681,3057
2025-04-27 19:17:23.454844,Wheat,29349.756988267196,4466
2025-04-28 19:17:23.454844,Wheat,29410.53327412872,2553
2025-04-29 19:17:23.454844,Wheat,29550.485335987905,4496
2025-04-30 19:17:23.454844,Wheat,29618.151798787418,3634
2025-05-01 19:17:23.454844,Wheat,29772.768157074483,3894
2025-05-02 19:17:23.454844,Wheat,29907.54509790715,4003
2025-05-03 19:17:23.454844,Wheat,30001.793429804227,4973
2025-05-04 19:17:23.454844,Wheat,30089.609034098416,3893
2025-05-05 19:17:23.454844,Wheat,30173.761998733004,1739
2025-05-06 19:17:23.454844,Wheat,30264.69672298168,3810
2025-05-07 19:17:23.454844,Wheat,30399.873692935973,2683
2025-05-08 19:17:23.454844,Wheat,30514.23962505394,4024
2025-05-09 19:17:23.454844,Wheat,30656.3915041157,1685
2025-05-10 19:17:23.454844,Wheat,30657.726661250057,3697
2025-05-11 19:17:23.454844,Wheat,30729.729947077794,3251
2025-05-12 19:17:23.454844,Wheat,30811.63763636353,1689
2025-05-13 19:17:23.454844,Wheat,30895.623217239565,1071
2025-05-14 19:17:23.454844,Wheat,31006.10106024666,2652
2025-05-15 19:17:23.454844,Wheat,31088.027540981297,2001
2025-05-16 19:17:23.454844,Wheat,31152.620572473043,2283
2025-05-17 19:17:23.454844,Wheat,31270.751400615252,3833
2025-05-18 19:17:23.454844,Wheat,31426.750454481535,3838
2025-05-19 19:17:23.454844,Wheat,31591.516996163657,3828
2025-05-20 19:17:23.454844,Wheat,31734.072165027716,4133
2025-05-21 19:17:23.454844,Wheat,31835.643914384575,2682
2025-05-22 19:17:23.454844,Wheat,31939.757795591027,3563
2025-05-23 19:17:23.454844,Wheat,32029.28022890102,4707
2025-05-24 19:17:23.454844,Wheat,32153.119887368226,4633
2025-05-25 19:17:23.454844,Wheat,32253.287605014604,1357
2025-05-26 19:17:23.454844,Wheat,32356.023803461103,2397
2025-05-27 19:17:23.454844,Wheat,32446.417094799515,2752
2025-05-28 19:17:23.454844,Wheat,32526.341558186603,1561
2025-05-29 19:17:23.454844,Wheat,32602.62531557166,4959
2025-05-30 19:17:23.454844,Wheat,32708.512821935008,1634
2025-05-31 19:17:23.454844,Wheat,32823.636319104065,1648
2025-06-01 19:17:23.454844,Wheat,32963.57154582849,3007
2025-06-02 19:17:23.454844,Wheat,33043.17929282013,4430
2025-06-03 19:17:23.454844,Wheat,33157.723856130215,1415
2025-06-04 19:17:23.454844,Wheat,33249.380077775,3060
2025-06-05 19:17:23.454844,Wheat,33395.15937021931,1218
2025-06-06 19:17:23.454844,Wheat,33451.93920352936,2458
2025-06-07 19:17:23.454844,Wheat,33534.294762292455,4144
2025-06-08 19:17:23.454844,Wheat,33593.56026765809,2114
2025-06-09 19:17:23.454844,Wheat,33720.76412666283,3912
2025-06-10 19:17:23.454844,Wheat,33800.291813448755,1394
2025-06-11 19:17:23.454844,Wheat,33915.425745131746,2148
2025-06-12 19:17:23.454844,Wheat,34022.06266959537,2794
2025-06-13 19:17:23.454844,Wheat,34079.26432574696,4448
2025-06-14 19:17:23.454844,Wheat,34116.87073380827,4175
2025-06-15 19:17:23.454844,Wheat,34208.63444336158,2618
2025-06-16 19:17:23.454844,Wheat,34295.726078743406,1789
2025-06-17 19:17:23.454844,Wheat,34353.31938726324,1375
2025-06-18 19:17:23.454844,Wheat,34461.0752492924,3453
2025-06-19 19:17:23.454844,Wheat,34572.3055115716,4494
2025-06-20 19:17:23.454844,Wheat,34683.31848214242,1515
2025-06-21 19:17:23.454844,Wheat,34774.091136763476,1538
2025-06-22 19:17:23.454844,Wheat,34839.58957745153,2806
2025-06-23 19:17:23.454844,Wheat,34970.20533582782,1322
2025-06-24 19:17:23.454844,Wheat,35085.35312001115,2475
2025-06-25 19:17:23.454844,Wheat,35205.55489187864,4760
2025-06-26 19:17:23.454844,Wheat,35260.74621950085,3881
2025-06-27 19:17:23.454844,Wheat,35331.98042149888,4607
2025-06-28 19:17:23.454844,Wheat,35438.649710550126,3243
2025-06-29 19:17:23.454844,Wheat,35534.52940248897,1153
2025-06-30 19:17:23.454844,Wheat,35571.18781680168,4295
2025-07-01 19:17:23.454844,Wheat,35644.75845207689,3240
2025-07-02 19:17:23.454844,Wheat,35746.97931541879,4314
2025-07-03 19:17:23.454844,Wheat,35927.550593392225,4814
2025-07-04 19:17:23.454844,Wheat,35997.532910220296,1342
2025-07-05 19:17:23.454844,Wheat,36061.544156361546,3274
2025-07-06 19:17:23.454844,Wheat,36151.78044318987,4065
2025-07-07 19:17:23.454844,Wheat,36210.20820767076,4297
2025-07-08 19:17:23.454844,Wheat,36280.35183150051,1455
2025-07-09 19:17:23.454844,Wheat,36377.84727717989,3736
2025-07-10 19:17:23.454844,Wheat,36466.94782254933,2669
2025-07-11 19:17:23.454844,Wheat,36546.51208442982,3766
2025-07-12 19:17:23.454844,Wheat,36630.7067961209,3284
2025-07-13 19:17:23.454844,Wheat,36690.14949530954,1850
2025-07-14 19:17:23.454844,Wheat,36783.12858840128,3686
2025-07-15 19:17:23.454844,Wheat,36865.68055091345,2242
2025-07-16 19:17:23.454844,Wheat,36959.62640151809,4595
2025-07-17 19:17:23.454844,Wheat,37052.46696024538,2048
2025-07-18 19:17:23.454844,Wheat,37175.001697738924,4085
2025-07-19 19:17:23.454844,Wheat,37298.92375892155,4716
2025-07-20 19:17:23.454844,Wheat,37395.54786614913,2422
2025-07-21 19:17:23.454844,Wheat,37497.49853072748,1045
2025-07-22 19:17:23.454844,Wheat,37606.960346428015,2552
2025-07-23 19:17:23.454844,Wheat,37700.30724746182,4614
2025-07-24 19:17:23.454844,Wheat,37804.5872246046,3872
2025-07-25 19:17:23.454844,Wheat,37912.42052500736,4128
2025-07-26 19:17:23.454844,Wheat,37998.9579487355,2591
2025-07-27 19:17:23.454844,Wheat,38084.08567529074,4730
2025-07-28 19:17:23.454844,Wheat,38218.00103694486,4590
2025-07-29 19:17:23.454844,Wheat,38333.016944361996,2249
2025-07-30 19:17:23.454844,Wheat,38426.674126176054,4097
2025-07-31 19:17:23.454844,Wheat,38542.00005897159,2792
2025-08-01 19:17:23.454844,Wheat,38626.403918653574,1217
2025-08-02 19:17:23.454844,Wheat,38737.130016092364,2448
2025-08-03 19:17:23.454844,Wheat,38858.37179110653,3289
2025-08-04 19:17:23.454844,Wheat,38910.90626153339,4251
2025-08-05 19:17:23.454844,Wheat,39037.06671360224,1535
2025-08-06 19:17:23.454844,Wheat,39144.505130705984,4244
2025-08-07 19:17:23.454844,Wheat,39263.401952345645,3191
2025-08-08 19:17:23.454844,Wheat,39382.704967479665,4090
2025-08-09 19:17:23.454844,Wheat,39511.458626575535,1770
2025-08-10 19:17:23.454844,Wheat,39608.50327370671,4443
2025-08-11 19:17:23.454844,Wheat,39763.81011398744,4266
2025-08-12 19:17:23.454844,Wheat,39913.62028600382,1905
2025-08-13 19:17:23.454844,Wheat,40048.200357228234,3900
2025-08-14 19:17:23.454844,Wheat,40172.11499599118,3942
2025-08-15 19:17:23.454844,Wheat,40267.18904509849,1921
2025-08-16 19:17:23.454844,Wheat,40400.88800610668,3927
2025-08-17 19:17:23.454844,Wheat,40503.01504626456,4631
2025-08-18 19:17:23.454844,Wheat,40592.34149953899,3237
2025-08-19 19:17:23.454844,Wheat,40651.18353299684,3297
2025-08-20 19:17:23.454844,Wheat,40770.08688970965,2173
2025-08-21 19:17:23.454844,Wheat,40872.10116177835,2033
2025-08-22 19:17:23.454844,Wheat,40993.21442453178,4369
2025-08-23 19:17:23.454844,Wheat,41122.818429562394,3221
2025-08-24 19:17:23.454844,Wheat,41201.92914374821,4230
2025-08-25 19:17:23.454844,Wheat,41301.177322226846,2256
2025-08-26 19:17:23.454844,Wheat,41403.895958186484,3434
2025-08-27 19:17:23.454844,Wheat,41498.06012371719,3655
2025-08-28 19:17:23.454844,Wheat,41561.414132714366,4136
2025-08-29 19:17:23.454844,Wheat,41662.97952327347,4931
2025-08-30 19:17:23.454844,Wheat,41784.66329707543,1393
2025-08-31 19:17:23.454844,Wheat,41934.624571068955,3317
2025-09-01 19:17:23.454844,Wheat,42055.25264634463,3417
2025-09-02 19:17:23.454844,Wheat,42210.193387336636,4054
2025-09-03 19:17:23.454844,Wheat,42287.64008790719,2925
2025-09-04 19:17:23.454844,Wheat,42354.085423025026,4403
2025-09-05 19:17:23.454844,Wheat,42455.27628466135,1458
2025-09-06 19:17:23.454844,Wheat,42606.6094207589,1778
2025-09-07 19:17:23.454844,Wheat,42666.57830762877,3093
2025-09-08 19:17:23.454844,Wheat,42783.620442223015,2430
2025-09-09 19:17:23.454844,Wheat,42891.98234661234,3077
2025-09-10 19:17:23.454844,Wheat,42993.12360832003,3365
2025-09-11 19:17:23.454844,Wheat,43123.03895124477,2276
2025-09-12 19:17:23.454844,Wheat,43238.222926678965,2207
2025-09-13 19:17:23.454844,Wheat,43367.50807512426,4710
2025-09-14 19:17:23.454844,Wheat,43468.29918348647,3726
2025-09-15 19:17:23.454844,Wheat,43588.50862050004,1855
2025-09-16 19:17:23.454844,Wheat,43729.69694192769,1040
2025-09-17 19:17:23.454844,Wheat,43876.517291606084,4964
2025-09-18 19:17:23.454844,Wheat,43977.02760167355,1474
2025-09-19 19:17:23.454844,Wheat,44098.59212179596,1787
2025-09-20 19:17:23.454844,Wheat,44183.2306998129,2485
2025-09-21 19:17:23.454844,Wheat,44280.031129820345,4387
2025-09-22 19:17:23.454844,Wheat,44362.432871613,3975
2025-09-23 19:17:23.454844,Wheat,44455.61850750586,3314
2025-09-24 19:17:23.454844,Wheat,44520.17403709187,3304
2025-09-25 19:17:23.454844,Wheat,44652.62691522292,4628
2025-09-26 19:17:23.454844,Wheat,44804.190661334025,3786
2025-09-27 19:17:23.454844,Wheat,44906.65258286891,4268
2025-09-28 19:17:23.454844,Wheat,45040.701213284636,3341
2025-09-29 19:17:23.454844,Wheat,45197.68927274876,1087
2025-09-30 19:17:23.454844,Wheat,45353.22854726946,4527
2025-10-01 19:17:23.454844,Wheat,45470.17398484527,2565
2025-10-02 19:17:23.454844,Wheat,45582.339570671,3233
2025-10-03 19:17:23.454844,Wheat,45684.24765907775,2226
2025-10-04 19:17:23.454844,Wheat,45759.18644312973,1491
2025-10-05 19:17:23.454844,Wheat,45917.59670328804,3500
2025-10-06 19:17:23.454844,Wheat,46089.337550454715,3078
2025-10-07 19:17:23.454844,Wheat,46233.22145493362,3727
2025-10-08 19:17:23.454844,Wheat,46323.916918503295,3127
2025-10-09 19:17:23.454844,Wheat,46399.658886928126,2446
2025-10-10 19:17:23.454844,Wheat,46545.153863958905,3609
2025-10-11 19:17:23.454844,Wheat,46664.74559461858,1669
2025-10-12 19:17:23.454844,Wheat,46773.69192825457,1127
2025-10-13 19:17:23.454844,Wheat,46895.65625034799,1870
2025-10-14 19:17:23.454844,Wheat,46994.47143867599,2824
2025-10-15 19:17:23.454844,Wheat,47144.95096592196,4890
2025-10-16 19:17:23.454844,Wheat,47255.27744288358,1382
2025-10-17 19:17:23.454844,Wheat,47369.69151797457,2503
2025-10-18 19:17:23.454844,Wheat,47466.95246568963,2408
2025-10-19 19:17:23.454844,Wheat,47604.6166248024,4084
2025-10-20 19:17:23.454844,Wheat,47668.680133533184,2217
2025-10-21 19:17:23.454844,Wheat,47848.031184062,4008
2025-10-22 19:17:23.454844,Wheat,47998.876678518485,3185
2025-10-23 19:17:23.454844,Wheat,48105.89470044351,3603
2025-10-24 19:17:23.454844,Wheat,48218.062415568646,1686
2025-10-25 19:17:23.454844,Wheat,48350.66291522976,2115
2025-10-26 19:17:23.454844,Wheat,48476.01151092956,1813
2025-10-27 19:17:23.454844,Wheat,48604.36052221881,1140
2025-10-28 19:17:23.454844,Wheat,48722.200120367495,1715
2025-10-29 19:17:23.454844,Wheat,48872.435080583746,1138
2025-10-30 19:17:23.454844,Wheat,49017.62862573048,4209
2025-10-31 19:17:23.454844,Wheat,49180.343158433425,4141
2025-11-01 19:17:23.454844,Wheat,49262.33549201333,2362
2025-11-02 19:17:23.454844,Wheat,49406.908775381686,3528
2025-11-03 19:17:23.454844,Wheat,49539.187725704985,3638
2025-11-04 19:17:23.454844,Wheat,49618.5538800991,4040
2025-11-05 19:17:23.454844,Wheat,49706.32527970639,1996
2023-11-07 19:17:23.454844,Cotton,6000.0,1252
2023-11-08 19:17:23.454844,Cotton,5762.581618746564,1354
2023-11-09 19:17:23.454844,Cotton,5773.010601689785,2840
2023-11-10 19:17:23.454844,Cotton,5639.536049265106,2183
2023-11-11 19:17:23.454844,Cotton,5457.852228054424,3068
2023-11-12 19:17:23.454844,Cotton,5458.622338519771,2589
2023-11-13 19:17:23.454844,Cotton,5197.377440084228,3014
2023-11-14 19:17:23.454844,Cotton,5478.641409837953,1489
2023-11-15 19:17:23.454844,Cotton,5608.677157453556,4362
2023-11-16 19:17:23.454844,Cotton,5675.57089671536,4122
2023-11-17 19:17:23.454844,Cotton,5855.471056535109,4969
2023-11-18 19:17:23.454844,Cotton,5819.721598815833,2256
2023-11-19 19:17:23.454844,Cotton,6049.353266527775,1652
2023-11-20 19:17:23.454844,Cotton,6031.999704565592,4987
2023-11-21 19:17:23.454844,Cotton,6264.18874698847,4914
2023-11-22 19:17:23.454844,Cotton,6180.441434385764,3889
2023-11-23 19:17:23.454844,Cotton,6475.500036698606,2977
2023-11-24 19:17:23.454844,Cotton,6598.323718185105,1602
2023-11-25 19:17:23.454844,Cotton,6933.1182448792015,3150
2023-11-26 19:17:23.454844,Cotton,7121.867644062847,1090
2023-11-27 19:17:23.454844,Cotton,6806.26447515435,3388
2023-11-28 19:17:23.454844,Cotton,6999.678682114478,2299
2023-11-29 19:17:23.454844,Cotton,7055.129459463186,2508
2023-11-30 19:17:23.454844,Cotton,7189.927768946884,3257
2023-12-01 19:17:23.454844,Cotton,7248.475550601135,4656
2023-12-02 19:17:23.454844,Cotton,7254.09653064654,1146
2023-12-03 19:17:23.454844,Cotton,7321.671965060732,1167
2023-12-04 19:17:23.454844,Cotton,7456.7845267035,2355
2023-12-05 19:17:23.454844,Cotton,7712.158833948723,1989
2023-12-06 19:17:23.454844,Cotton,7588.116029057812,4165
2023-12-07 19:17:23.454844,Cotton,7441.564080535105,4933
2023-12-08 19:17:23.454844,Cotton,7549.224734426203,4847
2023-12-09 19:17:23.454844,Cotton,7643.602775093955,1544
2023-12-10 19:17:23.454844,Cotton,7541.917046772903,1462
2023-12-11 19:17:23.454844,Cotton,7792.861257921996,2047
2023-12-12 19:17:23.454844,Cotton,7964.568651056732,4746
2023-12-13 19:17:23.454844,Cotton,8050.168788959488,3771
2023-12-14 19:17:23.454844,Cotton,8068.796992021648,2888
2023-12-15 19:17:23.454844,Cotton,7873.511741251859,2298
2023-12-16 19:17:23.454844,Cotton,7660.983370768312,3809
2023-12-17 19:17:23.454844,Cotton,7701.241363599326,2980
2023-12-18 19:17:23.454844,Cotton,7911.402174023912,2751
2023-12-19 19:17:23.454844,Cotton,8034.455524496417,3864
2023-12-20 19:17:23.454844,Cotton,7935.811387339285,4811
2023-12-21 19:17:23.454844,Cotton,7856.133480772438,3141
2023-12-22 19:17:23.454844,Cotton,7918.946799213141,2603
2023-12-23 19:17:23.454844,Cotton,7981.014461803073,4598
2023-12-24 19:17:23.454844,Cotton,8102.259260502803,3765
2023-12-25 19:17:23.454844,Cotton,8075.452460579557,4630
2023-12-26 19:17:23.454844,Cotton,8144.5002868553265,2449
2023-12-27 19:17:23.454844,Cotton,8239.921605705924,2709
2023-12-28 19:17:23.454844,Cotton,8330.666993179675,3665
2023-12-29 19:17:23.454844,Cotton,8680.233023445635,3135
2023-12-30 19:17:23.454844,Cotton,8272.155082634328,4666
2023-12-31 19:17:23.454844,Cotton,8388.68475010703,1496
2024-01-01 19:17:23.454844,Cotton,8114.529636302478,1541
2024-01-02 19:17:23.454844,Cotton,8370.210757605191,2244
2024-01-03 19:17:23.454844,Cotton,8589.038594767633,3742
2024-01-04 19:17:23.454844,Cotton,8410.394270742327,4140
2024-01-05 19:17:23.454844,Cotton,8338.415878349746,3074
2024-01-06 19:17:23.454844,Cotton,8254.374820247558,4613
2024-01-07 19:17:23.454844,Cotton,8300.377297087713,2351
2024-01-08 19:17:23.454844,Cotton,8638.317392646653,2991
2024-01-09 19:17:23.454844,Cotton,8904.970082465094,3364
2024-01-10 19:17:23.454844,Cotton,9140.24230990308,3838
2024-01-11 19:17:23.454844,Cotton,9441.840565526616,3438
2024-01-12 19:17:23.454844,Cotton,9465.344074038956,2797
2024-01-13 19:17:23.454844,Cotton,9466.532363999317,2533
2024-01-14 19:17:23.454844,Cotton,9398.254361219928,2832
2024-01-15 19:17:23.454844,Cotton,9399.612744354397,3605
2024-01-16 19:17:23.454844,Cotton,9358.914994936402,4096
2024-01-17 19:17:23.454844,Cotton,9729.431002909041,3139
2024-01-18 19:17:23.454844,Cotton,9723.108324954921,3828
2024-01-19 19:17:23.454844,Cotton,9802.357121866413,4912
2024-01-20 19:17:23.454844,Cotton,9953.950056520385,1010
2024-01-21 19:17:23.454844,Cotton,10049.74466381133,3443
2024-01-22 19:17:23.454844,Cotton,9963.572328852542,1557
2024-01-23 19:17:23.454844,Cotton,10104.273087814372,2405
2024-01-24 19:17:23.454844,Cotton,10017.110910139772,4339
2024-01-25 19:17:23.454844,Cotton,10106.031276254846,2524
2024-01-26 19:17:23.454844,Cotton,10254.519953144207,3480
2024-01-27 19:17:23.454844,Cotton,10070.603183922825,3589
2024-01-28 19:17:23.454844,Cotton,10289.880183308032,1010
2024-01-29 19:17:23.454844,Cotton,10300.0609645688,3266
2024-01-30 19:17:23.454844,Cotton,10189.772279314415,1445
2024-01-31 19:17:23.454844,Cotton,9999.892864524207,1119
2024-02-01 19:17:23.454844,Cotton,9793.712306050564,2677
2024-02-02 19:17:23.454844,Cotton,9797.260937034695,2659
2024-02-03 19:17:23.454844,Cotton,9826.023813008936,1900
2024-02-04 19:17:23.454844,Cotton,9890.100094228237,4189
2024-02-05 19:17:23.454844,Cotton,9976.793981155342,3370
2024-02-06 19:17:23.454844,Cotton,10024.27286423718,4619
2024-02-07 19:17:23.454844,Cotton,10117.282323995734,3578
2024-02-08 19:17:23.454844,Cotton,10051.4662898019,4035
2024-02-09 19:17:23.454844,Cotton,10191.731503001498,4701
2024-02-10 19:17:23.454844,Cotton,10413.61704021969,2408
2024-02-11 19:17:23.454844,Cotton,10448.481651157088,3308
2024-02-12 19:17:23.454844,Cotton,10567.305933525658,1823
2024-02-13 19:17:23.454844,Cotton,10501.149328104308,2014
2024-02-14 19:17:23.454844,Cotton,10601.720489728697,3795
2024-02-15 19:17:23.454844,Cotton,10859.563581586382,1090
2024-02-16 19:17:23.454844,Cotton,11013.930723820635,4531
2024-02-17 19:17:23.454844,Cotton,11061.909318607053,3638
2024-02-18 19:17:23.454844,Cotton,11245.23818045029,3420
2024-02-19 19:17:23.454844,Cotton,11344.186931636623,2350
2024-02-20 19:17:23.454844,Cotton,11230.473049743525,3394
2024-02-21 19:17:23.454844,Cotton,11316.050903836835,2570
2024-02-22 19:17:23.454844,Cotton,11580.196788738494,2710
2024-02-23 19:17:23.454844,Cotton,11808.7798214637,2237
2024-02-24 19:17:23.454844,Cotton,11824.935544698259,4626
2024-02-25 19:17:23.454844,Cotton,11827.120877213822,4566
2024-02-26 19:17:23.454844,Cotton,11856.959882051804,3621
2024-02-27 19:17:23.454844,Cotton,11992.837245993092,1598
2024-02-28 19:17:23.454844,Cotton,11965.370071867388,3054
2024-02-29 19:17:23.454844,Cotton,12080.47174373018,3885
2024-03-01 19:17:23.454844,Cotton,12353.618082209727,1084
2024-03-02 19:17:23.454844,Cotton,12741.355907396655,3231
2024-03-03 19:17:23.454844,Cotton,12704.102592357895,1318
2024-03-04 19:17:23.454844,Cotton,12648.00139816828,1439
2024-03-05 19:17:23.454844,Cotton,12774.158999159063,1064
2024-03-06 19:17:23.454844,Cotton,12940.966906641874,2400
2024-03-07 19:17:23.454844,Cotton,13024.825210055957,2087
2024-03-08 19:17:23.454844,Cotton,13147.067072487149,2043
2024-03-09 19:17:23.454844,Cotton,13182.563092561013,3362
2024-03-10 19:17:23.454844,Cotton,13338.584429942961,3662
2024-03-11 19:17:23.454844,Cotton,13371.182984101344,3665
2024-03-12 19:17:23.454844,Cotton,13552.4658238452,3126
2024-03-13 19:17:23.454844,Cotton,13706.010927113704,1059
2024-03-14 19:17:23.454844,Cotton,13637.674686165597,4201
2024-03-15 19:17:23.454844,Cotton,13764.581389268973,2964
2024-03-16 19:17:23.454844,Cotton,13754.010871096712,3930
2024-03-17 19:17:23.454844,Cotton,13702.903452786084,2970
2024-03-18 19:17:23.454844,Cotton,13737.0864107387,4895
2024-03-19 19:17:23.454844,Cotton,13696.155121634773,1130
2024-03-20 19:17:23.454844,Cotton,14188.512093890631,4157
2024-03-21 19:17:23.454844,Cotton,14178.432496799298,3621
2024-03-22 19:17:23.454844,Cotton,13937.176222952854,2785
2024-03-23 19:17:23.454844,Cotton,14009.440386357206,4094
2024-03-24 19:17:23.454844,Cotton,14178.977658470007,4792
2024-03-25 19:17:23.454844,Cotton,14306.4086356423,4629
2024-03-26 19:17:23.454844,Cotton,14444.177193178723,1769
2024-03-27 19:17:23.454844,Cotton,14635.712310881081,2035
2024-03-28 19:17:23.454844,Cotton,14513.483144767124,3956
2024-03-29 19:17:23.454844,Cotton,14563.320170915938,3258
2024-03-30 19:17:23.454844,Cotton,14303.680689515566,4020
2024-03-31 19:17:23.454844,Cotton,14356.358128475584,4434
2024-04-01 19:17:23.454844,Cotton,14599.752219020973,3518
2024-04-02 19:17:23.454844,Cotton,14771.012206413221,3438
2024-04-03 19:17:23.454844,Cotton,14952.824392937408,4454
2024-04-04 19:17:23.454844,Cotton,15103.387965909487,1390
2024-04-05 19:17:23.454844,Cotton,15234.455053219357,2307
2024-04-06 19:17:23.454844,Cotton,15541.520444058895,4687
2024-04-07 19:17:23.454844,Cotton,15500.161222241335,3203
2024-04-08 19:17:23.454844,Cotton,15655.216348276075,4709
2024-04-09 19:17:23.454844,Cotton,15758.302610711557,4261
2024-04-10 19:17:23.454844,Cotton,15854.896098456642,4751
2024-04-11 19:17:23.454844,Cotton,15988.45346978152,3654
2024-04-12 19:17:23.454844,Cotton,16196.902963027556,1382
2024-04-13 19:17:23.454844,Cotton,16264.578103623462,2787
2024-04-14 19:17:23.454844,Cotton,16373.349733682107,1049
2024-04-15 19:17:23.454844,Cotton,16361.12648755421,2496
2024-04-16 19:17:23.454844,Cotton,16387.680739468415,4294
2024-04-17 19:17:23.454844,Cotton,16469.885056925163,1310
2024-04-18 19:17:23.454844,Cotton,16629.05656507073,1159
2024-04-19 19:17:23.454844,Cotton,16667.466868232565,3461
2024-04-20 19:17:23.454844,Cotton,16678.302789034977,1702
2024-04-21 19:17:23.454844,Cotton,16783.40836369833,4348
2024-04-22 19:17:23.454844,Cotton,16975.618293569678,2154
2024-04-23 19:17:23.454844,Cotton,17124.41180135686,2246
2024-04-24 19:17:23.454844,Cotton,17150.851489155517,3018
2024-04-25 19:17:23.454844,Cotton,17326.924295817447,3093
2024-04-26 19:17:23.454844,Cotton,17493.945502327206,1524
2024-04-27 19:17:23.454844,Cotton,17690.689250972122,3771
2024-04-28 19:17:23.454844,Cotton,17835.745243876634,2783
2024-04-29 19:17:23.454844,Cotton,17927.696425386734,4501
2024-04-30 19:17:23.454844,Cotton,17928.474904214334,2378
2024-05-01 19:17:23.454844,Cotton,17857.759670609652,4312
2024-05-02 19:17:23.454844,Cotton,17767.28856223452,1544
2024-05-03 19:17:23.454844,Cotton,17878.374597887232,3432
2024-05-04 19:17:23.454844,Cotton,17856.619496242678,1731
2024-05-05 19:17:23.454844,Cotton,17591.195913471754,3906
2024-05-06 19:17:23.454844,Cotton,17528.439078740164,1821
2024-05-07 19:17:23.454844,Cotton,17775.50476411946,4857
2024-05-08 19:17:23.454844,Cotton,17693.986790900904,4935
2024-05-09 19:17:23.454844,Cotton,17864.38297473287,3813
2024-05-10 19:17:23.454844,Cotton,17992.780384923593,1838
2024-05-11 19:17:23.454844,Cotton,18220.446307723265,2964
2024-05-12 19:17:23.454844,Cotton,18103.04504431214,1505
2024-05-13 19:17:23.454844,Cotton,18010.189867076053,1605
2024-05-14 19:17:23.454844,Cotton,18104.84992225281,4906
2024-05-15 19:17:23.454844,Cotton,17965.393723440324,1528
2024-05-16 19:17:23.454844,Cotton,18085.796468318724,2455
2024-05-17 19:17:23.454844,Cotton,18206.357184217988,4407
2024-05-18 19:17:23.454844,Cotton,18275.769590788404,3482
2024-05-19 19:17:23.454844,Cotton,18471.432816879187,4391
2024-05-20 19:17:23.454844,Cotton,18577.998885985646,1793
2024-05-21 19:17:23.454844,Cotton,18399.703931910568,1023
2024-05-22 19:17:23.454844,Cotton,18501.3986163795,2385
2024-05-23 19:17:23.454844,Cotton,18369.695782174622,2713
2024-05-24 19:17:23.454844,Cotton,18604.220630949476,1851
2024-05-25 19:17:23.454844,Cotton,18851.79538563749,4666
2024-05-26 19:17:23.454844,Cotton,19036.6467027963,2818
2024-05-27 19:17:23.454844,Cotton,18918.4723280607,1326
2024-05-28 19:17:23.454844,Cotton,19107.581599428067,4278
2024-05-29 19:17:23.454844,Cotton,19157.333806435097,2219
2024-05-30 19:17:23.454844,Cotton,19061.31119551575,4582
2024-05-31 19:17:23.454844,Cotton,19069.92277256018,2549
2024-06-01 19:17:23.454844,Cotton,19183.09491756114,3191
2024-06-02 19:17:23.454844,Cotton,19013.126975750663,3178
2024-06-03 19:17:23.454844,Cotton,18979.229774967782,2587
2024-06-04 19:17:23.454844,Cotton,19181.03508323719,4465
2024-06-05 19:17:23.454844,Cotton,19318.09904366935,3767
2024-06-06 19:17:23.454844,Cotton,19346.1834411696,1641
2024-06-07 19:17:23.454844,Cotton,19206.43519339838,3104
2024-06-08 19:17:23.454844,Cotton,19306.945461762924,2296
2024-06-09 19:17:23.454844,Cotton,19172.507183346457,3234
2024-06-10 19:17:23.454844,Cotton,18953.48993267632,2217
2024-06-11 19:17:23.454844,Cotton,18973.519182280106,1569
2024-06-12 19:17:23.454844,Cotton,19109.459328634082,1668
2024-06-13 19:17:23.454844,Cotton,19178.461516239626,3351
2024-06-14 19:17:23.454844,Cotton,19337.46514416049,4539
2024-06-15 19:17:23.454844,Cotton,19434.640336721648,4325
2024-06-16 19:17:23.454844,Cotton,19418.38409325301,1050
2024-06-17 19:17:23.454844,Cotton,19275.679109423356,3055
2024-06-18 19:17:23.454844,Cotton,19166.377171447857,1555
2024-06-19 19:17:23.454844,Cotton,19169.520808617108,1263
2024-06-20 19:17:23.454844,Cotton,19104.37333606817,1725
2024-06-21 19:17:23.454844,Cotton,19390.672223085123,3091
2024-06-22 19:17:23.454844,Cotton,19702.29254801044,1243
2024-06-23 19:17:23.454844,Cotton,19610.43767975213,3572
2024-06-24 19:17:23.454844,Cotton,19371.775641447162,3021
2024-06-25 19:17:23.454844,Cotton,19286.97289483383,1251
2024-06-26 19:17:23.454844,Cotton,19338.418152924787,3805
2024-06-27 19:17:23.454844,Cotton,19385.67984094795,2218
2024-06-28 19:17:23.454844,Cotton,19436.365224221903,4492
2024-06-29 19:17:23.454844,Cotton,19496.47787663749,4664
2024-06-30 19:17:23.454844,Cotton,19324.149464838094,1788
2024-07-01 19:17:23.454844,Cotton,19522.91800726776,4783
2024-07-02 19:17:23.454844,Cotton,19265.831111442305,2973
2024-07-03 19:17:23.454844,Cotton,19349.4224337282,1090
2024-07-04 19:17:23.454844,Cotton,19418.383276139466,4659
2024-07-05 19:17:23.454844,Cotton,19445.538896799477,1606
2024-07-06 19:17:23.454844,Cotton,19688.929761483254,3508
2024-07-07 19:17:23.454844,Cotton,19607.731861203618,2605
2024-07-08 19:17:23.454844,Cotton,19907.70157808047,2197
2024-07-09 19:17:23.454844,Cotton,19747.46477181017,4409
2024-07-10 19:17:23.454844,Cotton,19716.364687583828,4332
2024-07-11 19:17:23.454844,Cotton,19739.70405988214,3405
2024-07-12 19:17:23.454844,Cotton,19866.827013534217,1615
2024-07-13 19:17:23.454844,Cotton,20023.067583471427,4810
2024-07-14 19:17:23.454844,Cotton,20204.502730677963,3131
2024-07-15 19:17:23.454844,Cotton,20306.79900635554,2520
2024-07-16 19:17:23.454844,Cotton,20161.015734750046,2431
2024-07-17 19:17:23.454844,Cotton,20194.002979178727,2928
2024-07-18 19:17:23.454844,Cotton,20236.03857342206,3158
2024-07-19 19:17:23.454844,Cotton,20285.107436758914,1529
2024-07-20 19:17:23.454844,Cotton,20380.13688703621,1853
2024-07-21 19:17:23.454844,Cotton,20461.868628245928,2195
2024-07-22 19:17:23.454844,Cotton,20486.062533707413,1465
2024-07-23 19:17:23.454844,Cotton,20535.72413009774,3068
2024-07-24 19:17:23.454844,Cotton,20326.67236505569,2521
2024-07-25 19:17:23.454844,Cotton,20082.616128361216,2978
2024-07-26 19:17:23.454844,Cotton,20369.27544633265,3225
2024-07-27 19:17:23.454844,Cotton,20184.572586360144,1247
2024-07-28 19:17:23.454844,Cotton,20274.470537469406,1485
2024-07-29 19:17:23.454844,Cotton,20445.491160915506,2916
2024-07-30 19:17:23.454844,Cotton,20430.675699982592,3517
2024-07-31 19:17:23.454844,Cotton,20442.66446605757,2950
2024-08-01 19:17:23.454844,Cotton,20311.577105217882,3876
2024-08-02 19:17:23.454844,Cotton,20450.218449190583,3022
2024-08-03 19:17:23.454844,Cotton,20360.405468198456,4701
2024-08-04 19:17:23.454844,Cotton,20186.94578662644,4103
2024-08-05 19:17:23.454844,Cotton,19854.853109751242,2264
2024-08-06 19:17:23.454844,Cotton,19987.24617217364,1484
2024-08-07 19:17:23.454844,Cotton,20100.852132718766,4785
2024-08-08 19:17:23.454844,Cotton,20093.34353620188,4703
2024-08-09 19:17:23.454844,Cotton,20095.359263143644,2496
2024-08-10 19:17:23.454844,Cotton,20396.791105580152,2260
2024-08-11 19:17:23.454844,Cotton,20599.203178842243,3224
2024-08-12 19:17:23.454844,Cotton,20304.055776299552,2482
2024-08-13 19:17:23.454844,Cotton,20307.12809645376,3991
2024-08-14 19:17:23.454844,Cotton,20234.878691580474,4438
2024-08-15 19:17:23.454844,Cotton,20183.804235825653,3062
2024-08-16 19:17:23.454844,Cotton,20157.22514380347,4709
2024-08-17 19:17:23.454844,Cotton,19800.975056985673,2411
2024-08-18 19:17:23.454844,Cotton,19874.28614638366,3574
2024-08-19 19:17:23.454844,Cotton,20011.621487967117,1382
2024-08-20 19:17:23.454844,Cotton,19862.01568779455,1076
2024-08-21 19:17:23.454844,Cotton,19968.207504925897,1621
2024-08-22 19:17:23.454844,Cotton,20027.245745860968,1494
